2768 4724
433 225 501 297 so
523 223 955 331 nenosrnpnnu.
1080 258 1083 263 -
1199 235 1244 303 es

139 423 229 482 mus,
250 401 365 465 homini
376 401 490 480 smieo,
510 404 687 499 praesertim
699 403 733 467 in
747 423 782 466 rs
793 411 853 464 tsm
864 404 1036 484 praeclare,
1056 403 1161 471 deesse
1177 424 1243 465 no·-

140 509 198 568 lui.
242 506 347 585 Itaque
362 503 507 593 continuo
521 504 668 585 reliquum
681 511 801 587 partem
816 507 944 587 uuupli
955 508 1108 588 impressi,
1130 508 1173 571 sd.
1186 520 1242 569 eu'-·

139 610 190 668 ius
205 629 288 667 orsm
304 617 335 667 st
349 605 565 685 scripturorum
578 618 737 668 contextus
750 606 956 668 Demosthenis
968 610 1156 670 verietatess
1170 609 1243 668 ldo-
1350 629 1356 639 ²

139 709 216 770 relio
235 708 420 788 sdscriptss,
442 717 473 767 et
485 708 600 769 scholis
613 710 666 769 ills
678 711 794 769 Grssce
809 709 944 768 nondum
962 711 1120 794 impresse,
1142 708 1243 771 mens-

138 811 256 890 scn'pta
269 810 361 871 fuisse
373 829 465 890 supra
478 810 563 886 dixi,
600 810 757 888 diligenter
773 819 863 889 utque
884 819 999 870 attento
1016 811 1110 888 relegi
1131 832 1166 870 sc
1191 831 1244 875 re-

138 912 282 990 cognovi.
322 911 368 971 Ac
381 910 497 983 scholis
511 913 633 992 quidem
646 913 718 988 ille,
742 932 818 992 quse
839 895 968 994 propter
991 913 1108 973 ldorelii
1128 912 1243 972 obitum

137 1015 333 1072 immsturrim
348 1023 433 1072 erent
446 1011 546 1072 adhue
561 1014 702 1088 confuse,
724 1024 755 1073 et
767 1015 942 1095 perturbato
955 1014 1062 1074 ordine
1084 1014 1241 1087 collocuta,
1308 1011 1311 1015 ’

136 1116 185 1174 its
203 1124 253 1190 ut,
284 1134 344 1194 quo
364 1115 563 1194 pertinerent,
586 1136 647 1174 non
671 1115 758 1175 sscile
786 1116 884 1195 quivis
912 1116 1066 1177 interdum
1096 1110 1243 1192 cerheret,
1348 1118 1352 1125 '

138 1236 198 1276 suo
219 1234 356 1294 qusequs
373 1217 444 1276 loco
472 1217 581 1295 digessi
603 1227 692 1296 utque
713 1218 747 1277 in
767 1218 902 1282 ordinem
921 1207 1041 1297 redegi:
1069 1230 1100 1279 st
1118 1208 1244 1298 ,Ulpiani

138 1317 372 1378 commentarios
383 1318 416 1376 in
433 1317 613 1377 editionibus
625 1320 754 1397 vulgetis
777 1320 1037 1398 corruptissimos,
1060 1323 1161 1400 quood
1179 1324 1243 1382 eius

118 1419 209 1497 ¹lieri
227 1418 333 1477 debuit
354 1439 391 1477 sc
412 1420 532 1499 potuit,
561 1422 704 1498 castigavi
727 1432 816 1500 etque
835 1421 1000 1483 emendavi.
1042 1423 1077 1481 ln
1098 1433 1244 1497 contextu

139 1539 217 1580 vero
232 1518 445 1581 Demosthenis
457 1521 701 1598 recognoscendo
714 1522 796 1583 viam
812 1520 885 1581 mihi
896 1522 956 1582 ism
971 1543 988 1580 s
1002 1523 1126 1583 Morelio
1144 1546 1244 1608 prse-

138 1630 338 1681 moustretsm
361 1629 483 1682 secutus
511 1641 594 1698 sum,
624 1624 772 1702 simulque
796 1624 940 1685 Benensti
963 1625 1112 1685 voluntati
1124 1627 1241 1687 'morem

141 1724 237 1802 gessi,
257 1733 294 1781 ut
311 1722 386 1782 nihil
398 1744 522 1802 prorsus
541 1745 558 1783 s
579 1725 700 1802 vulgate
721 1734 750 1785 st
771 1736 894 1805 recepte
914 1726 1066 1805 scripture
1086 1736 1243 1802 mutirem,
1269 1802 1275 1808 ,

140 1823 198 1883 sed
213 1845 314 1885 omnes
327 1824 585 1887 dissimilitudines
598 1827 650 1886 vel
663 1826 702 1885 sd
716 1846 799 1887 orem
810 1828 880 1887 libri
908 1827 1126 1907 sdpingendss,
1148 1827 1199 1887 rel
1211 1830 1245 1887 in
1349 1870 1352 1875 -

79 1942 86 1963 ··
133 1926 227 1995 ,celes
241 1910 591 1987 colloeundes'eursrem.
636 1926 704 1999 Qus
717 1927 838 2006 quidem
852 1930 884 1988 in
907 1951 941 1990 rs
964 1939 1049 1991 tonte
1067 1930 1126 1988 luit
1144 1930 1243 2003 Bene·

138 2029 205 2087 neti
218 2028 339 2105 religio,
362 2047 431 2087 eum
446 2029 533 2088 focile
555 2048 690 2091 sommus
709 2047 791 2104 sum,
813 2041 850 2091 ut
861 2010 1010 2097 'lectiones
1035 2040 1065 2091 et
1084 2032 1245 2110 interpun-

141 2128 258 2187 ctionss
269 2128 404 2205 eudgstss
418 2150 634 2216 nonnunquam
643 2129 767 2189 vitiosus
773 2133 904 2191 retinere
918 2131 1065 2206 moluerit,
1082 2131 1243 2209 dummodo
1302 2141 1304 2145 '

142 2229 476 2292 smumemendntioues
491 2233 579 2292 velin
589 2232 731 2308 margine,
752 2234 803 2293 vel
815 2232 939 2291 inculco
951 2232 1020 2291 libri
1037 2241 1244 2311 repraesente-

139 2342 259 2406 rentur,
267 2351 357 2411 quem
365 2333 505 2411 cuiquem
518 2333 665 2395 melevolo
678 2334 771 2393 ullsm
782 2336 890 2393 iustum
897 2331 1138 2412 reprehendendi
1144 2353 1245 2393 ensem

139 2435 322 2512 relinquere.
345 2432 520 2494 Meminerat
534 2435 622 2508 enim,
637 2435 675 2494 de
682 2456 748 2496 mes
757 2435 906 2495 Ciceronis
915 2435 1051 2505 editions
1060 2436 1113 2515 qui
1131 2454 1245 2495 sermo-

140 2533 362 2596 neshominum
371 2536 483 2614 purtim
494 2537 826 2617 imperitorumpertim
835 2538 1007 2615 iniquorum
1023 2518 1157 2610 luissent,
1176 2556 1245 2621 cum

142 2637 288 2711 dicerent,
301 2657 349 2695 me
360 2636 486 2695 nimium
500 2636 573 2697 mihi
588 2639 662 2698 iuris
675 2639 854 2699 inCieerone
863 2639 1048 2699 emendando
1061 2639 1233 2699 assumsisse

140 2759 207 2799 non
228 2738 398 2816 oportuisse
417 2740 579 2799 electione
601 2751 723 2819 recepte
746 2741 873 2801 discedi:
903 2743 976 2800 setis
998 2743 1089 2801 suiss'e
1108 2739 1246 2818 lectionis

140 2839 305 2898 varietates
321 2848 351 2898 et
366 2840 530 2919 scripturus
542 2841 574 2899 in
592 2842 724 2917 antiquis
747 2843 901 2901 codicibus
921 2852 1057 2918 repertos
1080 2849 1131 2895 eut
1150 2859 1250 2913 quen-

142 2941 260 3001 nimvis
289 2941 458 3020 probabiles
491 2942 677 3000 coniecturas
711 2939 744 2998 in
769 2941 1011 2999 annotationibus
1042 2937 1147 2996 loceri-
1203 2937 1247 2995 Ne

144 3042 220 3122 qnid
243 3042 336 3120 igitur
355 3044 389 3102 in
410 3041 609 3102 Demosthene
628 3043 789 3120 quiequam
809 3042 869 3102 tsle
891 3063 909 3100 e
935 3041 1023 3101 nobie
1049 3057 1112 3097 esse
1135 3036 1247 3095 sectum

143 3146 232 3224 queri
244 3144 358 3223 possit,
380 3141 537 3224 (quemvis
554 3141 707 3230 hominum
724 3143 896 3204 invidorum
917 3151 948 3203 et
968 3141 1160 3213 indoctorum
1174 3157 1247 3214 'ser-

141 3266 248 3306 mones
267 3265 385 3324 semper
402 3245 661 3320 contemsen'mus,
685 3254 714 3305 st
727 3255 861 3304 nostrum
873 3245 905 3303 in
923 3244 1065 3303 Cicerone
1089 3240 1248 3317 emendan-

146 3347 188 3406 do
202 3347 380 3411 indmtrism
394 3346 490 3406 doctis
511 3347 646 3405 omnibus
669 3347 829 3425 probatem
851 3365 915 3405 esse
933 3353 1118 3423 compertum
1135 3342 1246 3418 habeu-
1292 3359 1295 3365 ·

143 3448 241 3528 mus,)
260 3450 304 3508 ite
324 3446 472 3525 religiosi,
500 3457 535 3506 ut
552 3447 631 3523 dixi,
655 3449 687 3507 in
705 3447 762 3508 hac
784 3447 913 3507 editione
937 3447 1064 3522 fuimus,
1092 3454 1127 3503 ut
1148 3445 1247 3506 lector

143 3549 207 3610 hoc
219 3552 277 3610 sibi
292 3559 376 3609 certo
390 3549 565 3626 promittere
586 3560 690 3629 quest,
720 3560 752 3610 et
769 3547 997 3608 Demosthenem
1016 3547 1166 3620 omnium,
1193 3529 1247 3623 qui

143 3671 280 3730 unquam
294 3649 368 3711 editi
385 3660 470 3726 suut,
492 3653 778 3728 emendatissimum,
801 3648 940 3709 Gulielmi
958 3649 1091 3722 Morelii,
1113 3649 1155 3706 lo.
1176 3647 1241 3704 Be-
1265 3718 1267 3723 Α

141 3753 248 3814 nenati
263 3754 373 3831 ope'rs,
394 3751 531 3814 nonnihil
547 3753 635 3814 etism
650 3775 738 3828 meu,
770 3750 853 3830 quod
875 3749 993 3829 quidem
1015 3753 1047 3809 in
1068 3769 1136 3806 mes
1156 3765 1248 3805 manu
1322 3785 1352 3809 κ,

142 3855 222 3931 fuit,
246 3873 329 3913 nunc
341 3874 372 3912 se
387 3873 451 3913 esse
466 3854 623 3934 adeptum,
647 3867 677 3916 et
690 3854 765 3914 nihil
781 3863 895 3927 tumen,
919 3852 1002 3931 quod
1024 3850 1180 3930 quisquam
1197 3846 1248 3906 rel

145 3954 446 4016 melevolentissimus
483 3957 633 4018 criminari
664 3957 784 4038 possit,¹
813 3955 846 4014 in
881 3974 918 4014 eo
947 3975 1010 4015 esse
1045 3952 1246 4008 immutatum.

144 4054 232 4114 llaec
245 4066 283 4131 te,
301 4058 413 4131 lector,
431 4059 508 4117 scire
521 4060 621 4135 volni,
643 4060 820 4139 priusquam
842 4055 881 4115 sd
898 4052 1126 4122 Demosthenem
1145 4053 1249 4128 legen-

144 4156 219 4217 dum
248 4165 334 4221 tuum
359 4158 494 4222 studium
519 4155 680 4224 conferres.
726 4161 758 4220 Si
783 4178 844 4240 que
866 4175 1027 4237 operarum
1046 4161 1145 4215 errata
1166 4162 1249 4227 sunt,
