<?xml version="1.0" encoding="UTF-8"?>
<!DOCTYPE html PUBLIC "-//W3C//DTD XHTML 1.0 Transitional//EN"
    "http://www.w3.org/TR/xhtml1/DTD/xhtml1-transitional.dtd">
<html xmlns="http://www.w3.org/1999/xhtml" xml:lang="en" lang="en">
 <head>
  <title>
</title>
<meta http-equiv="Content-Type" content="text/html;charset=utf-8" />
  <meta name='ocr-system' content='tesseract 3.04.00' />
  <meta name='ocr-capabilities' content='ocr_page ocr_carea ocr_par ocr_line ocrx_word'/>
</head>
<body>
  <div class='ocr_page' id='page_1' title='image "./demosthenisquae07schgoog_0021.png"; bbox 0 0 2768 4724; ppageno 0'>
   <div class='ocr_carea' id='block_1_1' title="bbox 200 139 949 264">
    <p class='ocr_par' dir='ltr' id='par_1_1' title="bbox 200 139 949 264">
     <span class='ocr_line' id='line_1_1' title="bbox 200 139 949 264; baseline -0.004 -1"><span class='ocrx_word' id='word_1_1' title='bbox 200 158 241 264; x_wconf 75' lang='lat' dir='ltr'><strong>ro</strong></span> <span class='ocrx_word' id='word_1_2' title='bbox 439 139 442 145; x_wconf 38' lang='lat'><strong><em>⁴</em></strong></span> <span class='ocrx_word' id='word_1_3' title='bbox 511 185 949 260; x_wconf 68' lang='lat' dir='ltr'><strong>‘etantanto-uns</strong></span> 
     </span>
    </p>
   </div>
   <div class='ocr_carea' id='block_1_2' title="bbox 197 360 1354 1158">
    <p class='ocr_par' dir='ltr' id='par_1_2' title="bbox 197 360 1354 1158">
     <span class='ocr_line' id='line_1_2' title="bbox 199 360 1290 447; baseline 0.003 -22"><span class='ocrx_word' id='word_1_4' title='bbox 199 364 352 447; x_wconf 87' lang='lat' dir='ltr'><strong>cipiamua,</strong></span> <span class='ocrx_word' id='word_1_5' title='bbox 375 374 464 442; x_wconf 82' lang='lat' dir='ltr'><strong>quam</strong></span> <span class='ocrx_word' id='word_1_6' title='bbox 480 368 564 423; x_wconf 87' lang='lat' dir='ltr'><strong>reete</strong></span> <span class='ocrx_word' id='word_1_7' title='bbox 587 361 622 423; x_wconf 84' lang='lat' dir='ltr'><strong>id</strong></span> <span class='ocrx_word' id='word_1_8' title='bbox 637 361 704 438; x_wconf 84' lang='lat' dir='ltr'><strong>liat,</strong></span> <span class='ocrx_word' id='word_1_9' title='bbox 724 361 776 422; x_wconf 89' lang='lat' dir='ltr'><strong>alii</strong></span> <span class='ocrx_word' id='word_1_10' title='bbox 792 360 942 425; x_wconf 61' lang='lat' dir='ltr'><strong>videm?</strong></span> <span class='ocrx_word' id='word_1_11' title='bbox 975 363 1049 427; x_wconf 79' lang='lat' dir='ltr'><strong>Mihi</strong></span> <span class='ocrx_word' id='word_1_12' title='bbox 1070 372 1152 427; x_wconf 83' lang='lat' dir='ltr'><strong>certe</strong></span> <span class='ocrx_word' id='word_1_13' title='bbox 1165 385 1290 447; x_wconf 86' lang='lat' dir='ltr'><strong>persna-</strong></span> 
     </span>
     <span class='ocr_line' id='line_1_3' title="bbox 198 461 1291 557; baseline 0.003 -29"><span class='ocrx_word' id='word_1_14' title='bbox 198 468 266 528; x_wconf 86' lang='lat' dir='ltr'><strong>deri</strong></span> <span class='ocrx_word' id='word_1_15' title='bbox 277 485 337 525; x_wconf 85' lang='lat' dir='ltr'><strong>noa</strong></span> <span class='ocrx_word' id='word_1_16' title='bbox 350 471 459 544; x_wconf 85' lang='lat' dir='ltr'><strong>potest,</strong></span> <span class='ocrx_word' id='word_1_17' title='bbox 481 470 739 551; x_wconf 84' lang='lat' dir='ltr'><strong>que-pactorecte</strong></span> <span class='ocrx_word' id='word_1_18' title='bbox 751 462 797 524; x_wconf 89' lang='lat' dir='ltr'><strong>illi</strong></span> <span class='ocrx_word' id='word_1_19' title='bbox 811 464 949 542; x_wconf 82' lang='lat' dir='ltr'><strong>sentiant,</strong></span> <span class='ocrx_word' id='word_1_20' title='bbox 970 461 1024 547; x_wconf 87' lang='lat' dir='ltr'><strong>qni</strong></span> <span class='ocrx_word' id='word_1_21' title='bbox 1041 464 1291 557; x_wconf 82' lang='lat' dir='ltr'><strong>herumscripte-</strong></span> 
     </span>
     <span class='ocr_line' id='line_1_4' title="bbox 199 564 1291 649; baseline 0.007 -25"><span class='ocrx_word' id='word_1_22' title='bbox 199 590 269 635; x_wconf 68' lang='lat' dir='ltr'><strong>rum</strong></span> <span class='ocrx_word' id='word_1_23' title='bbox 281 564 458 630; x_wconf 87' lang='lat' dir='ltr'><strong>anctoritate</strong></span> <span class='ocrx_word' id='word_1_24' title='bbox 475 565 605 649; x_wconf 86' lang='lat' dir='ltr'><strong>permoti</strong></span> <span class='ocrx_word' id='word_1_25' title='bbox 618 564 650 624; x_wconf 90' lang='lat' dir='ltr'><strong>in</strong></span> <span class='ocrx_word' id='word_1_26' title='bbox 662 583 725 625; x_wconf 89' lang='lat' dir='ltr'><strong>eam</strong></span> <span class='ocrx_word' id='word_1_27' title='bbox 737 564 911 647; x_wconf 86' lang='lat' dir='ltr'><strong>opinionem</strong></span> <span class='ocrx_word' id='word_1_28' title='bbox 920 577 1086 645; x_wconf 79' lang='lat' dir='ltr'><strong>venerunt,</strong></span> <span class='ocrx_word' id='word_1_29' title='bbox 1099 579 1135 632; x_wconf 94' lang='lat' dir='ltr'><strong>ut</strong></span> <span class='ocrx_word' id='word_1_30' title='bbox 1144 571 1222 633; x_wconf 88' lang='lat' dir='ltr'><strong>nolli</strong></span> <span class='ocrx_word' id='word_1_31' title='bbox 1235 572 1291 646; x_wconf 87' lang='lat' dir='ltr'><strong>rei,</strong></span> 
     </span>
     <span class='ocr_line' id='line_1_5' title="bbox 197 664 1292 752; baseline 0.007 -25"><span class='ocrx_word' id='word_1_32' title='bbox 197 670 258 736; x_wconf 80' lang='lat' dir='ltr'><strong>niai</strong></span> <span class='ocrx_word' id='word_1_33' title='bbox 276 664 450 743; x_wconf 74' lang='lat' dir='ltr'><strong>facundiae,</strong></span> <span class='ocrx_word' id='word_1_34' title='bbox 481 664 661 728; x_wconf 86' lang='lat' dir='ltr'><strong>studendum</strong></span> <span class='ocrx_word' id='word_1_35' title='bbox 684 685 749 727; x_wconf 89' lang='lat' dir='ltr'><strong>esse</strong></span> <span class='ocrx_word' id='word_1_36' title='bbox 774 664 918 745; x_wconf 84' lang='lat' dir='ltr'><strong>credant,</strong></span> <span class='ocrx_word' id='word_1_37' title='bbox 946 667 1106 751; x_wconf 86' lang='lat' dir='ltr'><strong>nullosque</strong></span> <span class='ocrx_word' id='word_1_38' title='bbox 1128 692 1208 748; x_wconf 88' lang='lat' dir='ltr'><strong>esse,</strong></span> <span class='ocrx_word' id='word_1_39' title='bbox 1238 673 1292 752; x_wconf 87' lang='lat' dir='ltr'><strong>qui</strong></span> 
     </span>
     <span class='ocr_line' id='line_1_6' title="bbox 197 764 1354 857; baseline 0.003 -25"><span class='ocrx_word' id='word_1_40' title='bbox 197 771 276 833; x_wconf 83' lang='lat' dir='ltr'><strong>scire</strong></span> <span class='ocrx_word' id='word_1_41' title='bbox 305 766 460 850; x_wconf 88' lang='lat' dir='ltr'><strong>quippiam</strong></span> <span class='ocrx_word' id='word_1_42' title='bbox 473 764 599 849; x_wconf 83' lang='lat' dir='ltr'><strong>possint,</strong></span> <span class='ocrx_word' id='word_1_43' title='bbox 629 764 689 826; x_wconf 83' lang='lat' dir='ltr'><strong>niei</strong></span> <span class='ocrx_word' id='word_1_44' title='bbox 709 767 797 828; x_wconf 86' lang='lat' dir='ltr'><strong>etiam</strong></span> <span class='ocrx_word' id='word_1_45' title='bbox 819 766 939 832; x_wconf 85' lang='lat' dir='ltr'><strong>dicendi</strong></span> <span class='ocrx_word' id='word_1_46' title='bbox 958 771 1068 852; x_wconf 87' lang='lat' dir='ltr'><strong>peritia</strong></span> <span class='ocrx_word' id='word_1_47' title='bbox 1088 771 1219 857; x_wconf 88' lang='lat' dir='ltr'><strong>praediti</strong></span> <span class='ocrx_word' id='word_1_48' title='bbox 1239 774 1291 834; x_wconf 82' lang='lat' dir='ltr'><strong>fu·</strong></span> <span class='ocrx_word' id='word_1_49' title='bbox 1352 828 1354 835; x_wconf 92' lang='lat'><em>.</em></span> 
     </span>
     <span class='ocr_line' id='line_1_7' title="bbox 198 863 1291 954; baseline 0.01 -30"><span class='ocrx_word' id='word_1_50' title='bbox 198 874 288 936; x_wconf 60' lang='lat' dir='ltr'><strong>arina</strong></span> <span class='ocrx_word' id='word_1_51' title='bbox 331 868 426 944; x_wconf 68' lang='lat' dir='ltr'><strong>Adde,</strong></span> <span class='ocrx_word' id='word_1_52' title='bbox 447 863 574 946; x_wconf 85' lang='lat' dir='ltr'><strong>quodlri</strong></span> <span class='ocrx_word' id='word_1_53' title='bbox 593 886 712 946; x_wconf 90' lang='lat' dir='ltr'><strong>quoqne</strong></span> <span class='ocrx_word' id='word_1_54' title='bbox 727 888 828 930; x_wconf 89' lang='lat' dir='ltr'><strong>emnee</strong></span> <span class='ocrx_word' id='word_1_55' title='bbox 844 890 896 931; x_wconf 89' lang='lat' dir='ltr'><strong>eoa</strong></span> <span class='ocrx_word' id='word_1_56' title='bbox 911 872 1084 953; x_wconf 82' lang='lat' dir='ltr'><strong>scriptores,</strong></span> <span class='ocrx_word' id='word_1_57' title='bbox 1107 874 1160 954; x_wconf 87' lang='lat' dir='ltr'><strong>qni</strong></span> <span class='ocrx_word' id='word_1_58' title='bbox 1173 875 1291 935; x_wconf 88' lang='lat' dir='ltr'><strong>nonita</strong></span> 
     </span>
     <span class='ocr_line' id='line_1_8' title="bbox 198 962 1290 1052; baseline 0.002 -19"><span class='ocrx_word' id='word_1_59' title='bbox 198 972 328 1052; x_wconf 82' lang='lat' dir='ltr'><strong>eleganti</strong></span> <span class='ocrx_word' id='word_1_60' title='bbox 347 971 415 1031; x_wconf 85' lang='lat' dir='ltr'><strong>sule</strong></span> <span class='ocrx_word' id='word_1_61' title='bbox 434 965 473 1027; x_wconf 90' lang='lat' dir='ltr'><strong>de</strong></span> <span class='ocrx_word' id='word_1_62' title='bbox 490 966 735 1047; x_wconf 82' lang='lat' dir='ltr'><strong>praeelrriseimie</strong></span> <span class='ocrx_word' id='word_1_63' title='bbox 756 970 847 1031; x_wconf 87' lang='lat' dir='ltr'><strong>rebus</strong></span> <span class='ocrx_word' id='word_1_64' title='bbox 864 981 895 1034; x_wconf 87' lang='lat' dir='ltr'><strong>et</strong></span> <span class='ocrx_word' id='word_1_65' title='bbox 913 962 1076 1035; x_wconf 76' lang='lat' dir='ltr'><strong>verissimis</strong></span> <span class='ocrx_word' id='word_1_66' title='bbox 1098 984 1290 1037; x_wconf 87' lang='lat' dir='ltr'><strong>monumenta</strong></span> 
     </span>
     <span class='ocr_line' id='line_1_9' title="bbox 197 1057 1291 1158; baseline 0.007 -29"><span class='ocrx_word' id='word_1_67' title='bbox 197 1073 327 1158; x_wconf 68' lang='lat' dir='ltr'><strong>porteris</strong></span> <span class='ocrx_word' id='word_1_68' title='bbox 338 1070 533 1148; x_wconf 82' lang='lat' dir='ltr'><strong>reliquerunt,</strong></span> <span class='ocrx_word' id='word_1_69' title='bbox 554 1068 604 1129; x_wconf 80' lang='lat' dir='ltr'><strong>val</strong></span> <span class='ocrx_word' id='word_1_70' title='bbox 619 1078 763 1149; x_wconf 86' lang='lat' dir='ltr'><strong>tanquam</strong></span> <span class='ocrx_word' id='word_1_71' title='bbox 783 1071 924 1132; x_wconf 88' lang='lat' dir='ltr'><strong>indoctos</strong></span> <span class='ocrx_word' id='word_1_72' title='bbox 939 1057 969 1135; x_wconf 80' lang='lat' dir='ltr'><strong>el</strong></span> <span class='ocrx_word' id='word_1_73' title='bbox 979 1076 1134 1155; x_wconf 83' lang='lat' dir='ltr'><strong>imperitos</strong></span> <span class='ocrx_word' id='word_1_74' title='bbox 1148 1076 1291 1137; x_wconf 87' lang='lat' dir='ltr'><strong>abiicien-</strong></span> 
     </span>
    </p>
   </div>
   <div class='ocr_carea' id='block_1_3' title="bbox 93 1157 1314 1255">
    <p class='ocr_par' dir='ltr' id='par_1_3' title="bbox 93 1157 1314 1255">
     <span class='ocr_line' id='line_1_10' title="bbox 93 1157 1314 1255; baseline 0 -16"><span class='ocrx_word' id='word_1_75' title='bbox 93 1157 97 1167; x_wconf 41' lang='lat'><em>&#39;</em></span> <span class='ocrx_word' id='word_1_76' title='bbox 199 1178 256 1238; x_wconf 87' lang='lat' dir='ltr'><strong>dos</strong></span> <span class='ocrx_word' id='word_1_77' title='bbox 278 1177 406 1246; x_wconf 88' lang='lat' dir='ltr'><strong>censent,</strong></span> <span class='ocrx_word' id='word_1_78' title='bbox 428 1170 514 1250; x_wconf 82' lang='lat' dir='ltr'><strong>qusai</strong></span> <span class='ocrx_word' id='word_1_79' title='bbox 533 1169 697 1231; x_wconf 81' lang='lat' dir='ltr'><strong>verborum</strong></span> <span class='ocrx_word' id='word_1_80' title='bbox 717 1173 822 1252; x_wconf 84' lang='lat' dir='ltr'><strong>lepore</strong></span> <span class='ocrx_word' id='word_1_81' title='bbox 844 1183 876 1234; x_wconf 88' lang='lat' dir='ltr'><strong>et</strong></span> <span class='ocrx_word' id='word_1_82' title='bbox 895 1175 973 1234; x_wconf 84' lang='lat' dir='ltr'><strong>incia</strong></span> <span class='ocrx_word' id='word_1_83' title='bbox 998 1195 1102 1237; x_wconf 86' lang='lat' dir='ltr'><strong>rernm</strong></span> <span class='ocrx_word' id='word_1_84' title='bbox 1115 1179 1246 1255; x_wconf 84' lang='lat' dir='ltr'><strong>cognitio</strong></span> <span class='ocrx_word' id='word_1_85' title='bbox 1260 1188 1314 1239; x_wconf 34' lang='lat' dir='ltr'><strong>et⁸</strong></span> 
     </span>
    </p>
   </div>
   <div class='ocr_carea' id='block_1_4' title="bbox 110 1269 1366 3674">
    <p class='ocr_par' dir='ltr' id='par_1_4' title="bbox 110 1269 1344 1962">
     <span class='ocr_line' id='line_1_11' title="bbox 198 1269 1290 1359; baseline 0.003 -24"><span class='ocrx_word' id='word_1_86' title='bbox 198 1276 309 1358; x_wconf 83' lang='lat' dir='ltr'><strong>peritia</strong></span> <span class='ocrx_word' id='word_1_87' title='bbox 328 1269 476 1331; x_wconf 87' lang='lat' dir='ltr'><strong>metienda</strong></span> <span class='ocrx_word' id='word_1_88' title='bbox 496 1269 552 1347; x_wconf 89' lang='lat' dir='ltr'><strong>sit;</strong></span> <span class='ocrx_word' id='word_1_89' title='bbox 573 1273 623 1332; x_wconf 83' lang='lat' dir='ltr'><strong>vel</strong></span> <span class='ocrx_word' id='word_1_90' title='bbox 639 1273 711 1334; x_wconf 86' lang='lat' dir='ltr'><strong>licet</strong></span> <span class='ocrx_word' id='word_1_91' title='bbox 728 1292 830 1342; x_wconf 85' lang='lat' dir='ltr'><strong>earum</strong></span> <span class='ocrx_word' id='word_1_92' title='bbox 844 1275 1041 1352; x_wconf 72' lang='lat' dir='ltr'><strong>scientiarum,</strong></span> <span class='ocrx_word' id='word_1_93' title='bbox 1064 1277 1290 1359; x_wconf 71' lang='lat' dir='ltr'><strong>quaefaadunt,</strong></span> 
     </span>
     <span class='ocr_line' id='line_1_12' title="bbox 191 1372 1289 1457; baseline 0.004 -20"><span class='ocrx_word' id='word_1_94' title='bbox 191 1377 240 1437; x_wconf 78' lang='lat' dir='ltr'><strong>=de</strong></span> <span class='ocrx_word' id='word_1_95' title='bbox 257 1374 427 1454; x_wconf 74' lang='lat' dir='ltr'><strong>quibusque</strong></span> <span class='ocrx_word' id='word_1_96' title='bbox 445 1372 609 1448; x_wconf 87' lang='lat' dir='ltr'><strong>disserunt,</strong></span> <span class='ocrx_word' id='word_1_97' title='bbox 638 1374 726 1434; x_wconf 81' lang='lat' dir='ltr'><strong>etiem</strong></span> <span class='ocrx_word' id='word_1_98' title='bbox 745 1374 940 1454; x_wconf 85' lang='lat' dir='ltr'><strong>peritissimos</strong></span> <span class='ocrx_word' id='word_1_99' title='bbox 968 1378 1060 1443; x_wconf 86' lang='lat' dir='ltr'><strong>fuisse</strong></span> <span class='ocrx_word' id='word_1_100' title='bbox 1081 1379 1289 1457; x_wconf 76' lang='lat' dir='ltr'><strong>confiteantur,</strong></span> 
     </span>
     <span class='ocr_line' id='line_1_13' title="bbox 197 1472 1291 1561; baseline 0.005 -25"><span class='ocrx_word' id='word_1_101' title='bbox 197 1485 340 1555; x_wconf 81' lang='lat' dir='ltr'><strong>tanquam</strong></span> <span class='ocrx_word' id='word_1_102' title='bbox 362 1472 505 1532; x_wconf 86' lang='lat' dir='ltr'><strong>barbares</strong></span> <span class='ocrx_word' id='word_1_103' title='bbox 523 1481 623 1534; x_wconf 88' lang='lat' dir='ltr'><strong>tamen</strong></span> <span class='ocrx_word' id='word_1_104' title='bbox 644 1483 675 1534; x_wconf 89' lang='lat' dir='ltr'><strong>et</strong></span> <span class='ocrx_word' id='word_1_105' title='bbox 695 1474 815 1555; x_wconf 89' lang='lat' dir='ltr'><strong>ineptes</strong></span> <span class='ocrx_word' id='word_1_106' title='bbox 834 1478 1026 1556; x_wconf 86' lang='lat' dir='ltr'><strong>negligendos</strong></span> <span class='ocrx_word' id='word_1_107' title='bbox 1039 1488 1157 1560; x_wconf 84' lang='lat' dir='ltr'><strong>putant,</strong></span> <span class='ocrx_word' id='word_1_108' title='bbox 1177 1481 1291 1561; x_wconf 83' lang='lat' dir='ltr'><strong>pluris-</strong></span> 
     </span>
     <span class='ocr_line' id='line_1_14' title="bbox 189 1573 1344 1658; baseline 0.005 -22"><span class='ocrx_word' id='word_1_109' title='bbox 189 1597 260 1658; x_wconf 89' lang='lat' dir='ltr'><strong>·qne</strong></span> <span class='ocrx_word' id='word_1_110' title='bbox 279 1573 452 1636; x_wconf 82' lang='lat' dir='ltr'><strong>faciendum</strong></span> <span class='ocrx_word' id='word_1_111' title='bbox 478 1583 615 1633; x_wconf 78' lang='lat' dir='ltr'><strong>cesenam</strong></span> <span class='ocrx_word' id='word_1_112' title='bbox 635 1593 713 1650; x_wconf 88' lang='lat' dir='ltr'><strong>enm,</strong></span> <span class='ocrx_word' id='word_1_113' title='bbox 735 1576 788 1655; x_wconf 90' lang='lat' dir='ltr'><strong>qui</strong></span> <span class='ocrx_word' id='word_1_114' title='bbox 810 1575 848 1637; x_wconf 89' lang='lat' dir='ltr'><strong>de</strong></span> <span class='ocrx_word' id='word_1_115' title='bbox 867 1578 1050 1658; x_wconf 81' lang='lat' dir='ltr'><strong>quibuslibet</strong></span> <span class='ocrx_word' id='word_1_116' title='bbox 1067 1582 1117 1641; x_wconf 82' lang='lat' dir='ltr'><strong>rel</strong></span> <span class='ocrx_word' id='word_1_117' title='bbox 1131 1581 1290 1643; x_wconf 82' lang='lat' dir='ltr'><strong>levissimis</strong></span> <span class='ocrx_word' id='word_1_118' title='bbox 1341 1637 1344 1642; x_wconf 88' lang='lat'>.</span> 
     </span>
     <span class='ocr_line' id='line_1_15' title="bbox 198 1662 1291 1760; baseline 0.004 -21"><span class='ocrx_word' id='word_1_119' title='bbox 198 1678 292 1741; x_wconf 86' lang='lat' dir='ltr'><strong>rebus</strong></span> <span class='ocrx_word' id='word_1_120' title='bbox 309 1677 459 1754; x_wconf 73' lang='lat' dir='ltr'><strong>eleganter</strong></span> <span class='ocrx_word' id='word_1_121' title='bbox 471 1685 501 1734; x_wconf 89' lang='lat' dir='ltr'><strong>et</strong></span> <span class='ocrx_word' id='word_1_122' title='bbox 522 1675 645 1754; x_wconf 78' lang='lat' dir='ltr'><strong>cepione</strong></span> <span class='ocrx_word' id='word_1_123' title='bbox 656 1662 801 1754; x_wconf 79' lang='lat' dir='ltr'><strong>tractarit,</strong></span> <span class='ocrx_word' id='word_1_124' title='bbox 823 1699 914 1757; x_wconf 88' lang='lat' dir='ltr'><strong>quam</strong></span> <span class='ocrx_word' id='word_1_125' title='bbox 927 1680 979 1760; x_wconf 89' lang='lat' dir='ltr'><strong>qni</strong></span> <span class='ocrx_word' id='word_1_126' title='bbox 995 1680 1033 1741; x_wconf 92' lang='lat' dir='ltr'><strong>de</strong></span> <span class='ocrx_word' id='word_1_127' title='bbox 1047 1682 1237 1760; x_wconf 84' lang='lat' dir='ltr'><strong>gravissimir,</strong></span> <span class='ocrx_word' id='word_1_128' title='bbox 1260 1693 1291 1743; x_wconf 88' lang='lat' dir='ltr'><strong>et</strong></span> 
     </span>
     <span class='ocr_line' id='line_1_16' title="bbox 193 1775 1288 1856; baseline 0.004 -16"><span class='ocrx_word' id='word_1_129' title='bbox 193 1783 327 1845; x_wconf 80' lang='lat' dir='ltr'><strong>-muime</strong></span> <span class='ocrx_word' id='word_1_130' title='bbox 348 1777 434 1839; x_wconf 82' lang='lat' dir='ltr'><strong>aeriis</strong></span> <span class='ocrx_word' id='word_1_131' title='bbox 458 1777 619 1856; x_wconf 83' lang='lat' dir='ltr'><strong>generique</strong></span> <span class='ocrx_word' id='word_1_132' title='bbox 640 1775 772 1838; x_wconf 83' lang='lat' dir='ltr'><strong>hrmrane</strong></span> <span class='ocrx_word' id='word_1_133' title='bbox 793 1778 957 1841; x_wconf 85' lang='lat' dir='ltr'><strong>utilissimis</strong></span> <span class='ocrx_word' id='word_1_134' title='bbox 970 1782 1131 1842; x_wconf 74' lang='lat' dir='ltr'><strong>infecunde</strong></span> <span class='ocrx_word' id='word_1_135' title='bbox 1148 1783 1288 1844; x_wconf 87' lang='lat' dir='ltr'><strong>etieiune</strong></span> 
     </span>
     <span class='ocr_line' id='line_1_17' title="bbox 110 1878 1288 1962; baseline 0.003 -21"><span class='ocrx_word' id='word_1_136' title='bbox 110 1883 113 1887; x_wconf 82' lang='grc'><strong>’</strong></span> <span class='ocrx_word' id='word_1_137' title='bbox 190 1879 370 1962; x_wconf 83' lang='lat' dir='ltr'><strong>disputarit,</strong></span> <span class='ocrx_word' id='word_1_138' title='bbox 381 1882 514 1958; x_wconf 79' lang='lat' dir='ltr'><strong>‘remque</strong></span> <span class='ocrx_word' id='word_1_139' title='bbox 526 1878 605 1938; x_wconf 86' lang='lat' dir='ltr'><strong>banc</strong></span> <span class='ocrx_word' id='word_1_140' title='bbox 617 1899 679 1939; x_wconf 88' lang='lat' dir='ltr'><strong>non</strong></span> <span class='ocrx_word' id='word_1_141' title='bbox 697 1898 794 1955; x_wconf 70' lang='lat' dir='ltr'><strong>meus,</strong></span> <span class='ocrx_word' id='word_1_142' title='bbox 816 1889 905 1960; x_wconf 89' lang='lat' dir='ltr'><strong>atque</strong></span> <span class='ocrx_word' id='word_1_143' title='bbox 919 1881 953 1942; x_wconf 91' lang='lat' dir='ltr'><strong>in</strong></span> <span class='ocrx_word' id='word_1_144' title='bbox 966 1882 1113 1943; x_wconf 80' lang='lat' dir='ltr'><strong>artificum</strong></span> <span class='ocrx_word' id='word_1_145' title='bbox 1125 1903 1161 1942; x_wconf 89' lang='lat' dir='ltr'><strong>ac</strong></span> <span class='ocrx_word' id='word_1_146' title='bbox 1174 1893 1288 1945; x_wconf 71' lang='lat' dir='ltr'><strong>autun-</strong></span> 
     </span>
    </p>

    <p class='ocr_par' dir='ltr' id='par_1_5' title="bbox 116 1980 1366 3674">
     <span class='ocr_line' id='line_1_18' title="bbox 154 1980 1287 2063; baseline 0 -19"><span class='ocrx_word' id='word_1_147' title='bbox 154 1996 157 2001; x_wconf 83' lang='grc'><em>“</em></span> <span class='ocrx_word' id='word_1_148' title='bbox 197 1983 314 2048; x_wconf 85' lang='lat' dir='ltr'><strong>riorum</strong></span> <span class='ocrx_word' id='word_1_149' title='bbox 337 1981 480 2062; x_wconf 83' lang='lat' dir='ltr'><strong>eperibne</strong></span> <span class='ocrx_word' id='word_1_150' title='bbox 499 1980 692 2062; x_wconf 87' lang='lat' dir='ltr'><strong>spectandam</strong></span> <span class='ocrx_word' id='word_1_151' title='bbox 715 2001 779 2041; x_wconf 91' lang='lat' dir='ltr'><strong>esse</strong></span> <span class='ocrx_word' id='word_1_152' title='bbox 797 1981 887 2056; x_wconf 81' lang='lat' dir='ltr'><strong>aium,</strong></span> <span class='ocrx_word' id='word_1_153' title='bbox 908 1982 1070 2062; x_wconf 86' lang='lat' dir='ltr'><strong>inquibus</strong></span> <span class='ocrx_word' id='word_1_154' title='bbox 1090 1984 1287 2063; x_wconf 86' lang='lat' dir='ltr'><strong>iorrnalonge</strong></span> 
     </span>
     <span class='ocr_line' id='line_1_19' title="bbox 191 2082 1288 2162; baseline 0 -15"><span class='ocrx_word' id='word_1_155' title='bbox 191 2087 349 2159; x_wconf 86' lang='lat' dir='ltr'><strong>maiorem,</strong></span> <span class='ocrx_word' id='word_1_156' title='bbox 372 2102 462 2162; x_wconf 86' lang='lat' dir='ltr'><strong>quam</strong></span> <span class='ocrx_word' id='word_1_157' title='bbox 487 2085 620 2161; x_wconf 85' lang='lat' dir='ltr'><strong>materis,</strong></span> <span class='ocrx_word' id='word_1_158' title='bbox 648 2082 770 2143; x_wconf 90' lang='lat' dir='ltr'><strong>laudem</strong></span> <span class='ocrx_word' id='word_1_159' title='bbox 791 2092 821 2143; x_wconf 88' lang='lat' dir='ltr'><strong>et</strong></span> <span class='ocrx_word' id='word_1_160' title='bbox 849 2082 975 2160; x_wconf 80' lang='lat' dir='ltr'><strong>gloriam</strong></span> <span class='ocrx_word' id='word_1_161' title='bbox 995 2084 1059 2145; x_wconf 90' lang='lat' dir='ltr'><strong>sine</strong></span> <span class='ocrx_word' id='word_1_162' title='bbox 1081 2087 1288 2147; x_wconf 80' lang='lat' dir='ltr'><strong>controversie</strong></span> 
     </span>
     <span class='ocr_line' id='line_1_20' title="bbox 197 2182 1288 2266; baseline 0 -19"><span class='ocrx_word' id='word_1_163' title='bbox 197 2195 355 2247; x_wconf 87' lang='lat' dir='ltr'><strong>mereatur.</strong></span> <span class='ocrx_word' id='word_1_164' title='bbox 398 2183 443 2244; x_wconf 79' lang='lat' dir='ltr'><strong>Ac</strong></span> <span class='ocrx_word' id='word_1_165' title='bbox 464 2194 627 2266; x_wconf 82' lang='lat' dir='ltr'><strong>propterea</strong></span> <span class='ocrx_word' id='word_1_166' title='bbox 641 2183 793 2243; x_wconf 89' lang='lat' dir='ltr'><strong>assiduum</strong></span> <span class='ocrx_word' id='word_1_167' title='bbox 805 2182 940 2242; x_wconf 87' lang='lat' dir='ltr'><strong>barbaris</strong></span> <span class='ocrx_word' id='word_1_168' title='bbox 953 2185 1065 2246; x_wconf 89' lang='lat' dir='ltr'><strong>bellum</strong></span> <span class='ocrx_word' id='word_1_169' title='bbox 1079 2186 1223 2262; x_wconf 83' lang='lat' dir='ltr'><strong>indixere,</strong></span> <span class='ocrx_word' id='word_1_170' title='bbox 1244 2188 1288 2247; x_wconf 80' lang='lat' dir='ltr'><strong>ite</strong></span> 
     </span>
     <span class='ocr_line' id='line_1_21' title="bbox 178 2274 1286 2366; baseline 0.002 -20"><span class='ocrx_word' id='word_1_171' title='bbox 178 2329 182 2333; x_wconf 88' lang='lat'><em>-</em></span> <span class='ocrx_word' id='word_1_172' title='bbox 198 2291 278 2351; x_wconf 73' lang='lat' dir='ltr'><strong>enim</strong></span> <span class='ocrx_word' id='word_1_173' title='bbox 297 2287 449 2366; x_wconf 87' lang='lat' dir='ltr'><strong>appellant</strong></span> <span class='ocrx_word' id='word_1_174' title='bbox 462 2306 562 2346; x_wconf 91' lang='lat' dir='ltr'><strong>omnes</strong></span> <span class='ocrx_word' id='word_1_175' title='bbox 584 2305 645 2360; x_wconf 90' lang='lat' dir='ltr'><strong>eos,</strong></span> <span class='ocrx_word' id='word_1_176' title='bbox 670 2284 723 2363; x_wconf 89' lang='lat' dir='ltr'><strong>qni</strong></span> <span class='ocrx_word' id='word_1_177' title='bbox 736 2284 851 2343; x_wconf 89' lang='lat' dir='ltr'><strong>cultum</strong></span> <span class='ocrx_word' id='word_1_178' title='bbox 865 2274 1007 2346; x_wconf 82' lang='lat' dir='ltr'><strong>orationis</strong></span> <span class='ocrx_word' id='word_1_179' title='bbox 1020 2295 1050 2347; x_wconf 90' lang='lat' dir='ltr'><strong>et</strong></span> <span class='ocrx_word' id='word_1_180' title='bbox 1066 2288 1212 2349; x_wconf 88' lang='lat' dir='ltr'><strong>lenocinia</strong></span> <span class='ocrx_word' id='word_1_181' title='bbox 1225 2308 1286 2348; x_wconf 91' lang='lat' dir='ltr'><strong>non</strong></span> 
     </span>
     <span class='ocr_line' id='line_1_22' title="bbox 197 2385 1286 2471; baseline 0 -21"><span class='ocrx_word' id='word_1_182' title='bbox 197 2399 428 2471; x_wconf 88' lang='lat' dir='ltr'><strong>persequuntur,</strong></span> <span class='ocrx_word' id='word_1_183' title='bbox 449 2390 521 2449; x_wconf 89' lang='lat' dir='ltr'><strong>licet</strong></span> <span class='ocrx_word' id='word_1_184' title='bbox 532 2387 667 2447; x_wconf 81' lang='lat' dir='ltr'><strong>veritatia</strong></span> <span class='ocrx_word' id='word_1_185' title='bbox 681 2385 866 2445; x_wconf 74' lang='lat' dir='ltr'><strong>subtilissimi</strong></span> <span class='ocrx_word' id='word_1_186' title='bbox 878 2396 908 2446; x_wconf 90' lang='lat' dir='ltr'><strong>et</strong></span> <span class='ocrx_word' id='word_1_187' title='bbox 921 2387 1084 2446; x_wconf 78' lang='lat' dir='ltr'><strong>acutissimi</strong></span> <span class='ocrx_word' id='word_1_188' title='bbox 1098 2388 1286 2467; x_wconf 76' lang='lat' dir='ltr'><strong>indagatores</strong></span> 
     </span>
     <span class='ocr_line' id='line_1_23' title="bbox 198 2483 1286 2570; baseline 0.001 -19"><span class='ocrx_word' id='word_1_189' title='bbox 198 2491 311 2570; x_wconf 86' lang='lat' dir='ltr'><strong>alioqui</strong></span> <span class='ocrx_word' id='word_1_190' title='bbox 333 2492 401 2549; x_wconf 75' lang='lat' dir='ltr'><strong>sint</strong></span> <span class='ocrx_word' id='word_1_191' title='bbox 423 2483 459 2549; x_wconf 77' lang='lat' dir='ltr'><strong>ul</strong></span> <span class='ocrx_word' id='word_1_192' title='bbox 478 2489 639 2566; x_wconf 87' lang='lat' dir='ltr'><strong>siquando</strong></span> <span class='ocrx_word' id='word_1_193' title='bbox 658 2488 689 2546; x_wconf 93' lang='lat' dir='ltr'><strong>in</strong></span> <span class='ocrx_word' id='word_1_194' title='bbox 711 2489 912 2547; x_wconf 86' lang='lat' dir='ltr'><strong>sanctissimos</strong></span> <span class='ocrx_word' id='word_1_195' title='bbox 933 2488 1088 2567; x_wconf 86' lang='lat' dir='ltr'><strong>theologos</strong></span> <span class='ocrx_word' id='word_1_196' title='bbox 1106 2492 1286 2552; x_wconf 88' lang='lat' dir='ltr'><strong>etdoctissi-</strong></span> 
     </span>
     <span class='ocr_line' id='line_1_24' title="bbox 197 2588 1287 2672; baseline 0.003 -21"><span class='ocrx_word' id='word_1_197' title='bbox 197 2613 263 2652; x_wconf 86' lang='lat' dir='ltr'><strong>mea</strong></span> <span class='ocrx_word' id='word_1_198' title='bbox 283 2589 481 2670; x_wconf 75' lang='lat' dir='ltr'><strong>philosophos</strong></span> <span class='ocrx_word' id='word_1_199' title='bbox 501 2589 642 2662; x_wconf 85' lang='lat' dir='ltr'><strong>incidant,</strong></span> <span class='ocrx_word' id='word_1_200' title='bbox 665 2600 715 2648; x_wconf 89' lang='lat' dir='ltr'><strong>eos</strong></span> <span class='ocrx_word' id='word_1_201' title='bbox 738 2589 858 2648; x_wconf 89' lang='lat' dir='ltr'><strong>omnine</strong></span> <span class='ocrx_word' id='word_1_202' title='bbox 879 2588 1067 2664; x_wconf 84' lang='lat' dir='ltr'><strong>abhorreant,</strong></span> <span class='ocrx_word' id='word_1_203' title='bbox 1090 2602 1120 2653; x_wconf 88' lang='lat' dir='ltr'><strong>et</strong></span> <span class='ocrx_word' id='word_1_204' title='bbox 1139 2595 1223 2672; x_wconf 87' lang='lat' dir='ltr'><strong>quasi</strong></span> <span class='ocrx_word' id='word_1_205' title='bbox 1237 2595 1287 2654; x_wconf 90' lang='lat' dir='ltr'><strong>in—</strong></span> 
     </span>
     <span class='ocr_line' id='line_1_25' title="bbox 192 2688 1286 2770; baseline 0.002 -17"><span class='ocrx_word' id='word_1_206' title='bbox 192 2695 281 2753; x_wconf 89' lang='lat' dir='ltr'><strong>-culte</strong></span> <span class='ocrx_word' id='word_1_207' title='bbox 302 2711 436 2751; x_wconf 72' lang='lat' dir='ltr'><strong>ammone</strong></span> <span class='ocrx_word' id='word_1_208' title='bbox 455 2688 530 2749; x_wconf 86' lang='lat' dir='ltr'><strong>nibil</strong></span> <span class='ocrx_word' id='word_1_209' title='bbox 549 2710 620 2750; x_wconf 83' lang='lat' dir='ltr'><strong>vere</strong></span> <span class='ocrx_word' id='word_1_210' title='bbox 642 2700 673 2749; x_wconf 90' lang='lat' dir='ltr'><strong>et</strong></span> <span class='ocrx_word' id='word_1_211' title='bbox 690 2701 773 2750; x_wconf 91' lang='lat' dir='ltr'><strong>recte</strong></span> <span class='ocrx_word' id='word_1_212' title='bbox 795 2692 939 2770; x_wconf 83' lang='lat' dir='ltr'><strong>explicari</strong></span> <span class='ocrx_word' id='word_1_213' title='bbox 957 2692 1098 2770; x_wconf 86' lang='lat' dir='ltr'><strong>potuerit,</strong></span> <span class='ocrx_word' id='word_1_214' title='bbox 1119 2694 1172 2753; x_wconf 92' lang='lat' dir='ltr'><strong>sed</strong></span> <span class='ocrx_word' id='word_1_215' title='bbox 1187 2696 1286 2757; x_wconf 84' lang='lat' dir='ltr'><strong>omnia</strong></span> 
     </span>
     <span class='ocr_line' id='line_1_26' title="bbox 182 2789 1284 2874; baseline 0.003 -22"><span class='ocrx_word' id='word_1_216' title='bbox 182 2789 341 2874; x_wconf 64' lang='lat' dir='ltr'><strong>&#39;perversa</strong></span> <span class='ocrx_word' id='word_1_217' title='bbox 366 2802 396 2851; x_wconf 91' lang='lat' dir='ltr'><strong>et</strong></span> <span class='ocrx_word' id='word_1_218' title='bbox 420 2793 495 2850; x_wconf 83' lang='lat' dir='ltr'><strong>falsa</strong></span> <span class='ocrx_word' id='word_1_219' title='bbox 516 2791 576 2849; x_wconf 89' lang='lat' dir='ltr'><strong>dici</strong></span> <span class='ocrx_word' id='word_1_220' title='bbox 594 2812 714 2852; x_wconf 89' lang='lat' dir='ltr'><strong>necesse</strong></span> <span class='ocrx_word' id='word_1_221' title='bbox 727 2794 775 2868; x_wconf 82' lang='lat' dir='ltr'><strong>sit,</strong></span> <span class='ocrx_word' id='word_1_222' title='bbox 797 2796 896 2852; x_wconf 87' lang='lat' dir='ltr'><strong>statim</strong></span> <span class='ocrx_word' id='word_1_223' title='bbox 912 2792 1059 2867; x_wconf 88' lang='lat' dir='ltr'><strong>reliciunt,</strong></span> <span class='ocrx_word' id='word_1_224' title='bbox 1082 2813 1118 2850; x_wconf 88' lang='lat' dir='ltr'><strong>ac</strong></span> <span class='ocrx_word' id='word_1_225' title='bbox 1134 2793 1284 2855; x_wconf 86' lang='lat' dir='ltr'><strong>damnant.</strong></span> 
     </span>
     <span class='ocr_line' id='line_1_27' title="bbox 194 2892 1287 2973; baseline 0.002 -19"><span class='ocrx_word' id='word_1_226' title='bbox 194 2915 295 2972; x_wconf 83' lang='lat' dir='ltr'><strong>neque</strong></span> <span class='ocrx_word' id='word_1_227' title='bbox 308 2892 421 2967; x_wconf 83' lang='lat' dir='ltr'><strong>rident,</strong></span> <span class='ocrx_word' id='word_1_228' title='bbox 444 2892 469 2951; x_wconf 86' lang='lat' dir='ltr'><strong>ei</strong></span> <span class='ocrx_word' id='word_1_229' title='bbox 484 2892 596 2951; x_wconf 87' lang='lat' dir='ltr'><strong>lermae</strong></span> <span class='ocrx_word' id='word_1_230' title='bbox 611 2894 812 2972; x_wconf 83' lang='lat' dir='ltr'><strong>elequentiam</strong></span> <span class='ocrx_word' id='word_1_231' title='bbox 826 2912 998 2973; x_wconf 88' lang='lat' dir='ltr'><strong>comparare</strong></span> <span class='ocrx_word' id='word_1_232' title='bbox 1011 2894 1203 2971; x_wconf 79' lang='lat' dir='ltr'><strong>voluerimus,</strong></span> <span class='ocrx_word' id='word_1_233' title='bbox 1225 2906 1287 2956; x_wconf 88' lang='lat' dir='ltr'><strong>sta—</strong></span> 
     </span>
     <span class='ocr_line' id='line_1_28' title="bbox 196 2993 1284 3076; baseline 0.001 -21"><span class='ocrx_word' id='word_1_234' title='bbox 196 2995 362 3055; x_wconf 73' lang='lat' dir='ltr'><strong>manorum</strong></span> <span class='ocrx_word' id='word_1_235' title='bbox 390 2994 557 3071; x_wconf 84' lang='lat' dir='ltr'><strong>exemplum</strong></span> <span class='ocrx_word' id='word_1_236' title='bbox 581 2995 700 3055; x_wconf 85' lang='lat' dir='ltr'><strong>minime</strong></span> <span class='ocrx_word' id='word_1_237' title='bbox 723 2993 774 3052; x_wconf 81' lang='lat' dir='ltr'><strong>hic</strong></span> <span class='ocrx_word' id='word_1_238' title='bbox 795 3015 858 3051; x_wconf 85' lang='lat' dir='ltr'><strong>esee</strong></span> <span class='ocrx_word' id='word_1_239' title='bbox 877 2993 1143 3055; x_wconf 82' lang='lat' dir='ltr'><strong>accommodatum.</strong></span> <span class='ocrx_word' id='word_1_240' title='bbox 1172 2997 1284 3076; x_wconf 88' lang='lat' dir='ltr'><strong>quippe</strong></span> 
     </span>
     <span class='ocr_line' id='line_1_29' title="bbox 116 3080 1284 3176; baseline 0.002 -22"><span class='ocrx_word' id='word_1_241' title='bbox 116 3080 120 3091; x_wconf 51' lang='lat'>⁸</span> <span class='ocrx_word' id='word_1_242' title='bbox 196 3115 291 3175; x_wconf 89' lang='lat' dir='ltr'><strong>quum</strong></span> <span class='ocrx_word' id='word_1_243' title='bbox 308 3095 432 3153; x_wconf 85' lang='lat' dir='ltr'><strong>materia</strong></span> <span class='ocrx_word' id='word_1_244' title='bbox 454 3095 636 3154; x_wconf 84' lang='lat' dir='ltr'><strong>extrinsecus</strong></span> <span class='ocrx_word' id='word_1_245' title='bbox 669 3094 774 3153; x_wconf 86' lang='lat' dir='ltr'><strong>artifici</strong></span> <span class='ocrx_word' id='word_1_246' title='bbox 796 3092 870 3151; x_wconf 89' lang='lat' dir='ltr'><strong>huic</strong></span> <span class='ocrx_word' id='word_1_247' title='bbox 896 3091 1123 3171; x_wconf 84' lang='lat' dir='ltr'><strong>suppeditetur,</strong></span> <span class='ocrx_word' id='word_1_248' title='bbox 1152 3098 1284 3176; x_wconf 86' lang='lat' dir='ltr'><strong>scriptor</strong></span> 
     </span>
     <span class='ocr_line' id='line_1_30' title="bbox 192 3193 1283 3276; baseline 0.001 -20"><span class='ocrx_word' id='word_1_249' title='bbox 192 3198 262 3276; x_wconf 83' lang='lat' dir='ltr'><strong>ipae</strong></span> <span class='ocrx_word' id='word_1_250' title='bbox 282 3195 339 3271; x_wconf 80' lang='lat' dir='ltr'><strong>sibi</strong></span> <span class='ocrx_word' id='word_1_251' title='bbox 362 3216 425 3253; x_wconf 87' lang='lat' dir='ltr'><strong>eam</strong></span> <span class='ocrx_word' id='word_1_252' title='bbox 444 3196 620 3273; x_wconf 82' lang='lat' dir='ltr'><strong>plerumque</strong></span> <span class='ocrx_word' id='word_1_253' title='bbox 641 3196 741 3268; x_wconf 83' lang='lat' dir='ltr'><strong>iaciat,</strong></span> <span class='ocrx_word' id='word_1_254' title='bbox 763 3194 934 3254; x_wconf 79' lang='lat' dir='ltr'><strong>cimeteria</strong></span> <span class='ocrx_word' id='word_1_255' title='bbox 955 3193 1061 3252; x_wconf 82' lang='lat' dir='ltr'><strong>artifici</strong></span> <span class='ocrx_word' id='word_1_256' title='bbox 1074 3205 1202 3276; x_wconf 89' lang='lat' dir='ltr'><strong>prepter</strong></span> <span class='ocrx_word' id='word_1_257' title='bbox 1218 3199 1283 3257; x_wconf 86' lang='lat' dir='ltr'><strong>sor-</strong></span> 
     </span>
     <span class='ocr_line' id='line_1_31' title="bbox 193 3294 1281 3374; baseline -0.001 -15"><span class='ocrx_word' id='word_1_258' title='bbox 193 3319 274 3359; x_wconf 89' lang='lat' dir='ltr'><strong>mam</strong></span> <span class='ocrx_word' id='word_1_259' title='bbox 289 3294 473 3372; x_wconf 86' lang='lat' dir='ltr'><strong>exhibeatur,</strong></span> <span class='ocrx_word' id='word_1_260' title='bbox 495 3298 526 3355; x_wconf 91' lang='lat' dir='ltr'><strong>in</strong></span> <span class='ocrx_word' id='word_1_261' title='bbox 540 3314 641 3355; x_wconf 85' lang='lat' dir='ltr'><strong>rerum</strong></span> <span class='ocrx_word' id='word_1_262' title='bbox 654 3296 852 3374; x_wconf 84' lang='lat' dir='ltr'><strong>explicatione</strong></span> <span class='ocrx_word' id='word_1_263' title='bbox 868 3304 899 3354; x_wconf 90' lang='lat' dir='ltr'><strong>et</strong></span> <span class='ocrx_word' id='word_1_264' title='bbox 914 3295 1122 3355; x_wconf 74' lang='lat' dir='ltr'><strong>dissertatione</strong></span> <span class='ocrx_word' id='word_1_265' title='bbox 1134 3297 1229 3357; x_wconf 77' lang='lat' dir='ltr'><strong>ferma</strong></span> <span class='ocrx_word' id='word_1_266' title='bbox 1243 3300 1281 3358; x_wconf 89' lang='lat' dir='ltr'><strong>ob</strong></span> 
     </span>
     <span class='ocr_line' id='line_1_32' title="bbox 195 3395 1366 3473; baseline -0.001 -15"><span class='ocrx_word' id='word_1_267' title='bbox 195 3399 349 3461; x_wconf 88' lang='lat' dir='ltr'><strong>materiam</strong></span> <span class='ocrx_word' id='word_1_268' title='bbox 360 3397 568 3457; x_wconf 87' lang='lat' dir='ltr'><strong>illustrandam</strong></span> <span class='ocrx_word' id='word_1_269' title='bbox 588 3405 618 3454; x_wconf 89' lang='lat' dir='ltr'><strong>et</strong></span> <span class='ocrx_word' id='word_1_270' title='bbox 627 3395 870 3471; x_wconf 81' lang='lat' dir='ltr'><strong>patefaciendam</strong></span> <span class='ocrx_word' id='word_1_271' title='bbox 880 3396 1066 3470; x_wconf 86' lang='lat' dir='ltr'><strong>adhibeatur,</strong></span> <span class='ocrx_word' id='word_1_272' title='bbox 1087 3397 1282 3473; x_wconf 82' lang='lat' dir='ltr'><strong>utvidelicet,</strong></span> <span class='ocrx_word' id='word_1_273' title='bbox 1361 3453 1366 3461; x_wconf 80' lang='grc'>,</span> 
     </span>
     <span class='ocr_line' id='line_1_33' title="bbox 196 3495 1283 3581; baseline -0.002 -21"><span class='ocrx_word' id='word_1_274' title='bbox 196 3502 280 3581; x_wconf 87' lang='lat' dir='ltr'><strong>quod</strong></span> <span class='ocrx_word' id='word_1_275' title='bbox 294 3499 390 3557; x_wconf 89' lang='lat' dir='ltr'><strong>anime</strong></span> <span class='ocrx_word' id='word_1_276' title='bbox 415 3498 613 3575; x_wconf 84' lang='lat' dir='ltr'><strong>concepimua,</strong></span> <span class='ocrx_word' id='word_1_277' title='bbox 635 3495 667 3552; x_wconf 89' lang='lat' dir='ltr'><strong>id</strong></span> <span class='ocrx_word' id='word_1_278' title='bbox 682 3496 849 3574; x_wconf 86' lang='lat' dir='ltr'><strong>eloquendo</strong></span> <span class='ocrx_word' id='word_1_279' title='bbox 863 3497 905 3555; x_wconf 84' lang='lat' dir='ltr'><strong>ita</strong></span> <span class='ocrx_word' id='word_1_280' title='bbox 920 3498 1128 3577; x_wconf 85' lang='lat' dir='ltr'><strong>exprimamus,</strong></span> <span class='ocrx_word' id='word_1_281' title='bbox 1149 3507 1185 3555; x_wconf 90' lang='lat' dir='ltr'><strong>ut</strong></span> <span class='ocrx_word' id='word_1_282' title='bbox 1196 3499 1283 3558; x_wconf 85' lang='lat' dir='ltr'><strong>alteri</strong></span> 
     </span>
     <span class='ocr_line' id='line_1_34' title="bbox 194 3590 1281 3674; baseline -0.004 -12"><span class='ocrx_word' id='word_1_283' title='bbox 194 3605 368 3662; x_wconf 75' lang='lat' dir='ltr'><strong>innotescat.</strong></span> <span class='ocrx_word' id='word_1_284' title='bbox 414 3599 563 3672; x_wconf 82' lang='lat' dir='ltr'><strong>Quocirca</strong></span> <span class='ocrx_word' id='word_1_285' title='bbox 580 3596 606 3653; x_wconf 85' lang='lat' dir='ltr'><strong>si</strong></span> <span class='ocrx_word' id='word_1_286' title='bbox 622 3596 711 3654; x_wconf 89' lang='lat' dir='ltr'><strong>medo</strong></span> <span class='ocrx_word' id='word_1_287' title='bbox 724 3598 822 3656; x_wconf 83' lang='lat' dir='ltr'><strong>iacere</strong></span> <span class='ocrx_word' id='word_1_288' title='bbox 842 3598 873 3657; x_wconf 90' lang='lat' dir='ltr'><strong>id</strong></span> <span class='ocrx_word' id='word_1_289' title='bbox 888 3590 1005 3673; x_wconf 79' lang='lat' dir='ltr'><strong>volunt,</strong></span> <span class='ocrx_word' id='word_1_290' title='bbox 1027 3596 1114 3674; x_wconf 86' lang='lat' dir='ltr'><strong>longe</strong></span> <span class='ocrx_word' id='word_1_291' title='bbox 1128 3599 1281 3658; x_wconf 87' lang='lat' dir='ltr'><strong>meliorem</strong></span> 
     </span>
    </p>
   </div>
   <div class='ocr_carea' id='block_1_5' title="bbox 67 3698 1280 3776">
    <p class='ocr_par' dir='ltr' id='par_1_6' title="bbox 67 3698 1280 3776">
     <span class='ocr_line' id='line_1_35' title="bbox 67 3698 1280 3776; baseline -0.003 -12"><span class='ocrx_word' id='word_1_292' title='bbox 67 3706 71 3713; x_wconf 87' lang='grc'><em>’</em></span> <span class='ocrx_word' id='word_1_293' title='bbox 158 3737 162 3745; x_wconf 75' lang='lat'>=</span> <span class='ocrx_word' id='word_1_294' title='bbox 195 3714 227 3764; x_wconf 86' lang='lat' dir='ltr'><strong>et</strong></span> <span class='ocrx_word' id='word_1_295' title='bbox 247 3700 544 3762; x_wconf 84' lang='lat' dir='ltr'><strong>accommodatiorem</strong></span> <span class='ocrx_word' id='word_1_296' title='bbox 566 3698 686 3757; x_wconf 82' lang='lat' dir='ltr'><strong>veritati</strong></span> <span class='ocrx_word' id='word_1_297' title='bbox 708 3700 957 3776; x_wconf 82' lang='lat' dir='ltr'><strong>comparationem</strong></span> <span class='ocrx_word' id='word_1_298' title='bbox 980 3719 1095 3758; x_wconf 89' lang='lat' dir='ltr'><strong>sumere</strong></span> <span class='ocrx_word' id='word_1_299' title='bbox 1117 3721 1134 3756; x_wconf 84' lang='lat' dir='ltr'><strong>a</strong></span> <span class='ocrx_word' id='word_1_300' title='bbox 1152 3701 1280 3760; x_wconf 80' lang='lat' dir='ltr'><strong>nummis</strong></span> 
     </span>
    </p>
   </div>
   <div class='ocr_carea' id='block_1_6' title="bbox 192 3800 1280 4288">
    <p class='ocr_par' dir='ltr' id='par_1_7' title="bbox 192 3800 1280 4288">
     <span class='ocr_line' id='line_1_36' title="bbox 194 3800 1279 3884; baseline -0.006 -20"><span class='ocrx_word' id='word_1_301' title='bbox 194 3815 330 3884; x_wconf 76' lang='lat' dir='ltr'><strong>possent,</strong></span> <span class='ocrx_word' id='word_1_302' title='bbox 360 3803 468 3880; x_wconf 88' lang='lat' dir='ltr'><strong>quibus</strong></span> <span class='ocrx_word' id='word_1_303' title='bbox 489 3801 583 3858; x_wconf 84' lang='lat' dir='ltr'><strong>ferma</strong></span> <span class='ocrx_word' id='word_1_304' title='bbox 600 3801 740 3859; x_wconf 86' lang='lat' dir='ltr'><strong>materiae</strong></span> <span class='ocrx_word' id='word_1_305' title='bbox 759 3821 848 3859; x_wconf 87' lang='lat' dir='ltr'><strong>cauea</strong></span> <span class='ocrx_word' id='word_1_306' title='bbox 873 3801 1002 3879; x_wconf 81' lang='lat' dir='ltr'><strong>imprimi</strong></span> <span class='ocrx_word' id='word_1_307' title='bbox 1022 3800 1192 3874; x_wconf 86' lang='lat' dir='ltr'><strong>consuevit,</strong></span> <span class='ocrx_word' id='word_1_308' title='bbox 1218 3820 1279 3878; x_wconf 89' lang='lat' dir='ltr'><strong>que</strong></span> 
     </span>
     <span class='ocr_line' id='line_1_37' title="bbox 194 3901 1280 3982; baseline -0.005 -18"><span class='ocrx_word' id='word_1_309' title='bbox 194 3907 276 3982; x_wconf 88' lang='lat' dir='ltr'><strong>signo</strong></span> <span class='ocrx_word' id='word_1_310' title='bbox 289 3905 333 3978; x_wconf 87' lang='lat' dir='ltr'><strong>fit,</strong></span> <span class='ocrx_word' id='word_1_311' title='bbox 358 3901 481 3980; x_wconf 89' lang='lat' dir='ltr'><strong>utquid</strong></span> <span class='ocrx_word' id='word_1_312' title='bbox 499 3912 527 3961; x_wconf 92' lang='lat' dir='ltr'><strong>et</strong></span> <span class='ocrx_word' id='word_1_313' title='bbox 548 3904 652 3980; x_wconf 85' lang='lat' dir='ltr'><strong>quanti</strong></span> <span class='ocrx_word' id='word_1_314' title='bbox 672 3903 771 3960; x_wconf 82' lang='lat' dir='ltr'><strong>valeat</strong></span> <span class='ocrx_word' id='word_1_315' title='bbox 790 3903 924 3976; x_wconf 83' lang='lat' dir='ltr'><strong>materia,</strong></span> <span class='ocrx_word' id='word_1_316' title='bbox 947 3908 1156 3978; x_wconf 81' lang='lat' dir='ltr'><strong>cognoscentes</strong></span> <span class='ocrx_word' id='word_1_317' title='bbox 1182 3921 1217 3958; x_wconf 87' lang='lat' dir='ltr'><strong>ea</strong></span> <span class='ocrx_word' id='word_1_318' title='bbox 1241 3902 1280 3960; x_wconf 87' lang='lat' dir='ltr'><strong>ad</strong></span> 
     </span>
     <span class='ocr_line' id='line_1_38' title="bbox 192 4001 1280 4083; baseline -0.005 -18"><span class='ocrx_word' id='word_1_319' title='bbox 192 4007 372 4065; x_wconf 86' lang='lat' dir='ltr'><strong>necessariae</strong></span> <span class='ocrx_word' id='word_1_320' title='bbox 392 4024 441 4063; x_wconf 87' lang='lat' dir='ltr'><strong>res</strong></span> <span class='ocrx_word' id='word_1_321' title='bbox 463 4005 508 4063; x_wconf 89' lang='lat' dir='ltr'><strong>uti</strong></span> <span class='ocrx_word' id='word_1_322' title='bbox 528 4004 615 4061; x_wconf 83' lang='lat' dir='ltr'><strong>facile</strong></span> <span class='ocrx_word' id='word_1_323' title='bbox 644 4003 801 4083; x_wconf 83' lang='lat' dir='ltr'><strong>possimus.</strong></span> <span class='ocrx_word' id='word_1_324' title='bbox 855 4001 914 4074; x_wconf 80' lang='lat' dir='ltr'><strong>Qui</strong></span> <span class='ocrx_word' id='word_1_325' title='bbox 941 4002 1033 4078; x_wconf 86' lang='lat' dir='ltr'><strong>igitur</strong></span> <span class='ocrx_word' id='word_1_326' title='bbox 1059 4020 1213 4061; x_wconf 86' lang='lat' dir='ltr'><strong>nummum</strong></span> <span class='ocrx_word' id='word_1_327' title='bbox 1229 4003 1280 4060; x_wconf 82' lang='lat' dir='ltr'><strong>vel</strong></span> 
     </span>
     <span class='ocr_line' id='line_1_39' title="bbox 192 4100 1277 4189; baseline -0.007 -23"><span class='ocrx_word' id='word_1_328' title='bbox 192 4106 373 4187; x_wconf 86' lang='lat' dir='ltr'><strong>plumbeum,</strong></span> <span class='ocrx_word' id='word_1_329' title='bbox 394 4109 443 4166; x_wconf 84' lang='lat' dir='ltr'><strong>vel</strong></span> <span class='ocrx_word' id='word_1_330' title='bbox 457 4105 568 4183; x_wconf 87' lang='lat' dir='ltr'><strong>alioqui</strong></span> <span class='ocrx_word' id='word_1_331' title='bbox 589 4103 796 4176; x_wconf 85' lang='lat' dir='ltr'><strong>adulterinum,</strong></span> <span class='ocrx_word' id='word_1_332' title='bbox 819 4101 875 4160; x_wconf 89' lang='lat' dir='ltr'><strong>sibi</strong></span> <span class='ocrx_word' id='word_1_333' title='bbox 889 4119 993 4161; x_wconf 85' lang='lat' dir='ltr'><strong>carum</strong></span> <span class='ocrx_word' id='word_1_334' title='bbox 1006 4110 1166 4180; x_wconf 85' lang='lat' dir='ltr'><strong>prepterea</strong></span> <span class='ocrx_word' id='word_1_335' title='bbox 1177 4100 1277 4189; x_wconf 83' lang='lat' dir='ltr'><strong>habet,</strong></span> 
     </span>
     <span class='ocr_line' id='line_1_40' title="bbox 192 4198 1278 4288; baseline -0.006 -20"><span class='ocrx_word' id='word_1_336' title='bbox 192 4210 263 4288; x_wconf 82' lang='lat' dir='ltr'><strong>quin</strong></span> <span class='ocrx_word' id='word_1_337' title='bbox 277 4209 434 4288; x_wconf 85' lang='lat' dir='ltr'><strong>signrunin</strong></span> <span class='ocrx_word' id='word_1_338' title='bbox 449 4228 483 4271; x_wconf 85' lang='lat' dir='ltr'><strong>eo</strong></span> <span class='ocrx_word' id='word_1_339' title='bbox 504 4204 664 4268; x_wconf 76' lang='lat' dir='ltr'><strong>artificiose</strong></span> <span class='ocrx_word' id='word_1_340' title='bbox 681 4198 793 4261; x_wconf 80' lang='lat' dir='ltr'><strong>fiotum</strong></span> <span class='ocrx_word' id='word_1_341' title='bbox 813 4201 985 4275; x_wconf 86' lang='lat' dir='ltr'><strong>admiratur,</strong></span> <span class='ocrx_word' id='word_1_342' title='bbox 1007 4220 1105 4282; x_wconf 89' lang='lat' dir='ltr'><strong>neque</strong></span> <span class='ocrx_word' id='word_1_343' title='bbox 1119 4223 1200 4278; x_wconf 89' lang='lat' dir='ltr'><strong>eum,</strong></span> <span class='ocrx_word' id='word_1_344' title='bbox 1223 4204 1278 4262; x_wconf 89' lang='lat' dir='ltr'><strong>etsi</strong></span> 
     </span>
    </p>
   </div>
   <div class='ocr_carea' id='block_1_7' title="bbox 0 0 1388 4724">
    <p class='ocr_par' dir='ltr' id='par_1_8' title="bbox 0 0 1388 4724">
     <span class='ocr_line' id='line_1_41' title="bbox 0 0 1388 4724; baseline 0 1"><span class='ocrx_word' id='word_1_345' title='bbox 0 0 1388 4724; x_wconf 95' lang='lat' dir='ltr'><strong> </strong></span> 
     </span>
    </p>
   </div>
  </div>
 </body>
</html>
