2768 4724
204 212 264 279 mo
505 203 988 303 'ublanlrnaut‘trto

202 370 288 454 aito‚'
304 375 362 439 aea
379 396 447 439 oum
464 375 663 439 distinetione.
685 375 772 451 Quas
789 376 935 457 scriptas
953 374 1073 439 vetusta
1089 372 1300 455 minuimento,

201 462 561 617 ttt‘ltlttzt't
577 484 688 621 zie,
704 458 1302 620 toltwttt'ztsltlzt‘tl‘ffi

202 632 315 711 scripta
329 631 432 690 fuisse.
463 631 548 703 Quae
565 640 664 689 autem
681 631 829 708 Toylorus
841 640 1008 690 atramento
1020 629 1237 711 adscripscrat,
1267 650 1304 691 οι

203 717 322 796 appollo
339 711 453 775 selden.
470 716 501 773 in
517 710 717 795 Henaagionn
734 713 874 796 Toylori,
898 716 967 794 quia
990 716 1104 775 dicitur·
1122 716 1173 775 illa
1194 710 1305 775 libera

198 802 302 878 legato
315 799 436 859 Saldeni
450 801 482 857 in
496 798 696 878 Bodleyanam
710 796 923 869 bibliothecam
935 802 1114 878 parvenisse.
1146 797 1231 872 Quae
1246 819 1305 859 au-

202 885 417 963 teurTaylorus
433 883 552 943 rubrica
565 884 774 962 adscripscrat,
791 881 1166 965 eaappelloHerwagianu
1177 884 1209 942 T
1245 881 1306 944 lon'

202 993 220 1030 a
238 965 440 1028 Bamaralinn.
482 966 600 1029 Horum
617 966 766 1027 librorum
786 966 838 1029 illa
860 968 1056 1027 Seldenianns
1078 967 1190 1047 procul
1231 967 1305 1028 ubic

204 1062 249 1113 est
270 1053 312 1128 is,
342 1072 429 1131 quom
445 1053 593 1131 Tsylorus
613 1053 882 1132 in-Prolegomenis
905 1053 943 1113 ad
963 1050 1197 1112 Demosthenem
1214 1073 1233 1111 a
1255 1072 1315 1112 ms.

134 1190 138 1201 ,
203 1138 236 1197 in
248 1138 402 1197 volumine
415 1147 523 1196 octavo
538 1147 690 1197 oratorum
705 1137 793 1199 oditis
806 1156 836 1217 p.
847 1140 920 1205 702.
943 1155 1035 1197 versu
1050 1142 1100 1202 14.
1108 1137 1244 1213 designat
1251 1135 1305 1197 bis
1319 1164 1322 1171 ·

203 1221 320 1282 vorbisz
344 1219 622 1283 Obmooaiunoulae
632 1218 674 1281 od
694 1242 778 1283 oram
793 1218 974 1305 exemplaris
987 1218 1182 1303 Henaags'ans'
1193 1221 1306 1301 prioris

205 1305 281 1386 [hoc
301 1305 375 1364 dicit
395 1315 536 1385 retpectu
559 1304 683 1367 minoris
707 1307 741 1366 in
768 1306 865 1366 tribus
894 1305 1099 1367 voluminibus
1123 1306 1156 1365 in
1184 1314 1305 1381 octavo,

205 1400 340 1470 quaeest
353 1389 548 1469 Humagum
560 1390 725 1471 posterior]
743 1394 775 1451 in
790 1389 968 1451 bibliotheca
980 1388 1166 1474 Bodlsysns.
1194 1389 1314 1455 Exest*

204 1475 289 1553 plum
315 1485 414 1535 autam
435 1475 664 1554 llerwagianum
684 1476 892 1549 a¹Barnardo,
913 1476 1033 1535 Dacano
1054 1474 1203 1549 hallensi,
1235 1493 1307 1533 cum

205 1560 336 1639 Tayloro
366 1562 617 1621 communicatum
639 1580 702 1620 asse
719 1561 842 1620 videtur
864 1559 918 1634 id,
948 1560 1032 1639 quod
1059 1558 1172 1619 ebidem
1192 1558 1308 1645 lociin

113 1694 116 1698 .
207 1645 373 1704 continenti
395 1645 439 1704 slc
453 1644 632 1705 describitur
644 1666 661 1702 a
675 1646 819 1724 Tayloro:
839 1642 929 1704 Bam.
950 1644 1060 1704 Variae
1071 1645 1224 1703 lectiones.

269 1732 299 1794 4.
320 1728 496 1805 Felicianea,
521 1729 794 1809 quamStrasburgo
805 1727 844 1788 aa
856 1750 904 1789 me
922 1729 1005 1789 misit
1016 1751 1033 1789 e
1046 1728 1206 1788 lectissima
1217 1737 1309 1808 atqua

207 1813 434 1874 instructissima
453 1834 507 1872 sua
528 1812 710 1875 bibliotheca
723 1814 909 1887 Brunckius,
939 1813 993 1873 Vir
1012 1814 1147 1873 illustria.
1190 1811 1261 1872 Hac·
1280 1806 1323 1873 six

207 1898 296 1956 citius
316 1899 431 1978 potitus
455 1919 565 1973 assoon,
587 1909 641 1958 aut
653 1920 692 1960 ex
706 1919 739 1959 ea
751 1898 959 1959 recudendum
975 1899 1057 1958 lla..
1071 1902 1189 1957 textum
1206 1896 1309 1977 operis

207 1982 316 2041 naonis
339 1982 372 2041 in
392 2004 497 2043 manus
521 1983 683 2061 dedissem,
722 1994 774 2044 sut
789 1993 872 2044 certa
895 1982 1046 2044 vadantes
1070 1981 1135 2043 eius
1160 1981 1309 2042 lectiones

207 2085 311 2126 omnes
331 2086 420 2146 quam
442 2067 666 2145 diligentissime
686 2068 757 2128 inde
775 2058 1003 2148 exceipsissem3
1025 2066 1107 2147 quod
1120 2085 1202 2127 nuno
1218 2074 1311 2127 secus

207 2161 254 2212 ast
267 2151 389 2211 lactum.
417 2152 539 2212 Interim
553 2164 654 2213 tamen
673 2153 753 2212 idem
771 2162 818 2213 cst
831 2173 938 2214 rursus
954 2172 1074 2232 quoque
1087 2150 1311 2232 quodammodo

208 2235 337 2313 sactum3
358 2256 428 2297 nam
447 2237 575 2297 antehac
591 2238 672 2297 illam
694 2236 855 2314 Venetam,
878 2258 955 2317 quoa
971 2237 1116 2299 dacermio
1127 2257 1225 2317 paene
1240 2242 1313 2316 post

208 2321 403 2382 Felicioneem
416 2341 454 2380 ex
468 2320 587 2381 officina
599 2323 682 2382 Pauli
696 2322 819 2382 blanutii
839 2323 971 2403 prodiit,
994 2344 1011 2381 a
1031 2322 1074 2381 Io.
1087 2322 1111 2381 F
1111 2322 1169 2381 rial.
1187 2319 1319 2381 blachum

151 2462 155 2467 .
208 2425 262 2478 ro,
295 2405 329 2464 V.
358 2408 390 2468 C.
414 2406 559 2467 bonarum
584 2408 741 2469 literarum
769 2408 850 2488 apud
878 2428 932 2468 nos
949 2407 1119 2488 Lipsienses
1139 2406 1313 2487 professore

197 2489 377 2565 industrio,
399 2510 516 2550 mecum
529 2495 795 2567 communicatam,
812 2492 984 2570 diligentius
1001 2512 1206 2568 excussorem
1229 2486 1315 2569 quod

203 2592 325 2635 asserum
344 2584 391 2633 est
402 2576 586 2637 h'elicianeae
607 2577 830 2659 apographum,
851 2576 909 2637 nisi
928 2575 1009 2655 quod
1020 2576 1184 2635 innumeris
1196 2572 1315 2653 mendis

208 2658 435 2738 typographicis
461 2671 572 2735 scatet,
610 2683 627 2720 a
654 2660 823 2722 cuiusmodi
847 2662 980 2722 faecibus
1005 2660 1172 2719 Feliciones
1195 2656 1315 2735 liquid·

196 2752 240 2817 ,et
255 2741 405 2803 defaecata
416 2756 468 2806 est
493 2746 613 2807 hilerim
627 2749 671 2806 sic
686 2748 758 2806 satis
768 2756 867 2807 certus
883 2766 947 2806 esse
959 2745 1072 2824 poterit
1086 2740 1315 2818 lector,ubisio

209 2826 240 2887 in
250 2827 404 2888 Vanlsect.
412 2830 613 2896 blanutianans
621 2834 665 2891 sic
674 2830 969 2907 ‹lare‚inFalicianes
978 2826 1224 2909 quoquesiclegi,
1233 2823 1317 2905 quod

210 2913 379 2993 exemplum
396 2914 577 2977 Felicionem
593 2937 704 2997 operae
717 2917 859 2976 Paulinae
872 2914 1021 2976 verbatim
1036 2920 1263 2974 recensuerant.

220 3022 224 3029 ·
272 2998 460 3058 adminicula
487 2999 563 3060 haec
591 3002 688 3061 omnia
725 3004 813 3077 (nam
843 2998 882 3060 da
911 2998 1057 3057 Wollisna
1087 3007 1117 3055 ot
1136 2996 1317 3076 'Taylorsnn

210 3080 341 3141 aditione
362 3102 436 3159 cum·
463 3085 532 3143 alibi
558 3107 642 3146 anic
665 3085 781 3145 dictum
805 3085 858 3158 sit,
894 3101 992 3161 neque
1017 3101 1067 3140 aaa
1088 3081 1148 3140 sint
1168 3080 1318 3141 editiones

209 3166 385 3246 primariae,
423 3169 548 3229 acodd.
572 3172 657 3231 mstis
685 3188 845 3249 expressae
875 3175 928 3227 sut
953 3173 1125 3240 correctae,
1160 3163 1212 3224 bic
1231 3186 1249 3225 a
1267 3184 1318 3227 ms

210 3268 269 3308 non
295 3253 627 3337 commemorabuntur)
650 3253 833 3313 adaniniculs
854 3252 947 3331 igitur
968 3248 1046 3310 haec
1067 3250 1094 3308 si
1114 3249 1204 3309 citius
1217 3250 1319 3311 omnis

210 3354 268 3392 ana
292 3332 330 3393 ad
353 3354 459 3396 manus
479 3336 649 3398 habuissem
671 3357 707 3396 eo
730 3346 882 3417 tempora,
916 3354 976 3415 quo
995 3335 1049 3394 uni
1070 3332 1144 3393 huic
1166 3334 1228 3410 rai,
1253 3333 1320 3394 ool·

213 3416 335 3477 lectioni
354 3420 537 3483 variantium
555 3423 719 3484 lactionum
741 3443 757 3481 o
781 3421 867 3481 libris
895 3418 1131 3479 Demosthenicis
1151 3418 1321 3479 manuscri-

210 3504 270 3582 ptis
296 3512 326 3561 at
343 3504 449 3582 primis
472 3517 562 3586 atquc
581 3506 789 3567 vetustissimis
812 3504 945 3581 excusis,
969 3503 1091 3563 deditus
1105 3523 1202 3578 mam,
1221 3502 1321 3563 multo

211 3586 383 3665 diligentius
415 3600 446 3649 et
465 3593 532 3651 illas
562 3590 663 3650 ambas
682 3590 805 3650 Aldinae
828 3591 907 3649 iuter
933 3608 965 3648 sa
989 3587 1209 3664 contulissem„
1236 3586 1322 3666 quod

155 3704 158 3709 ·
212 3672 355 3732 omissum
377 3675 466 3735 valde
488 3675 607 3749 dolce,·
632 3685 663 3736 et
683 3674 852 3734 l'elicianea
872 3673 979 3733 melius
1007 3693 1101 3733 essem
1125 3691 1213 3747 usus,
1235 3669 1322 3748 quoa

210 3755 270 3816 hoc
298 3759 415 3833 aegrine
448 3761 527 3832 fero,
560 3758 630 3837 quia
662 3759 746 3820 libris
763 3770 823 3819 tam
850 3759 977 3818 inventu
1000 3757 1079 3817 raris
1101 3756 1206 3836 paucis
1225 3753 1324 3833 potiri

212 3840 293 3902 licet
338 3843 486 3923 Tempore
507 3852 594 3923 post,
617 3844 715 3903 animo
739 3844 777 3903 sd
803 3844 860 3903 alis
885 3862 1050 3915 converso,
1075 3840 1175 3920 piguit
1195 3837 1235 3897 ad
1255 3858 1324 3899 mo-

214 3928 318 3986 lestam
329 3926 410 3986 illam
423 3948 544 4008 operam
561 3929 691 4003 reverti,
720 3948 780 4010 qua
796 3926 935 4007 profacto
952 3947 1014 3987 non
1033 3932 1079 3984 ost
1102 3924 1162 3983 alis
1184 3923 1324 3991 animnos·

129 4066 136 4083 ,
214 4008 384 4086 calamitas,
417 4030 484 4073 cum
513 4013 577 4071 vita
600 4013 730 4075 bortrinis
745 4011 931 4091 grammatici
953 4008 1201 4087 aau‚-aimavis,
1224 4008 1324 4071 attici

213 4095 375 4175 copulato,
407 4116 496 4176 quam
522 4099 672 4159 variantes
697 4096 855 4175 colligata,
885 4114 992 4157 ¹cassas
1013 4094 1192 4176 plerumque
1220 4114 1324 4163 num·

216 4180 252 4238 tn
273 4179 325 4238 val
348 4182 390 4237 sie
409 4190 508 4243 tamen
531 4183 612 4244 illam
632 4182 757 4243 invisam
779 4191 947 4241 et.axossm
965 4198 1088 4260 operam
1098 4201 1224 4262 prorsus
1236 4179 1327 4240 davi·

209 4268 279 4325 ‘aare
299 4276 399 4345 nnpn·
421 4286 480 4327 non
508 4270 617 4349 polsi,·
651 4267 704 4329 sea
725 4286 846 4331 neceam
871 4264 963 4329 habui
986 4263 1088 4329 denuo
1109 4267 1226 4343 subire,
1254 4284 1328 4329 cum
