2768 4724
287 1050 510 1167 canoni
543 1046 811 1124 AUGUSTI
842 1043 1213 1173 nutricant

189 1186 193 1191 ’
463 1188 468 1197 ’
555 1164 940 1360 orssrnrarro

692 1373 757 1431 DE
827 1416 830 1421 .

133 1518 135 1523 ’
178 1513 392 1582 CANONE
423 1436 844 1602 PHILIPPICARUli
874 1509 1274 1586 DEMOSTHENIS.

491 1669 626 1748 [Prodiit
649 1666 807 1748 Fribsrgae
829 1667 965 1748 1820.],
1007 1708 1011 1713 ·
1188 1611 1192 1617 ·
1267 1614 1291 1629 Ι,

134 1871 315 2070 &quum
329 1930 399 2000 post
413 1920 527 1979 litteras
535 1929 652 1979 renatas
667 1917 747 1980 illud
761 1918 889 1979 maxim
906 1920 1074 1983 orationum
1087 1943 1188 2007 genus,
1211 1942 1272 2004 quo

174 2033 207 2072 re
231 2028 326 2088 groms
341 2005 523 2064 Christianae
539 2005 671 2083 magistri
685 2005 725 2064 ad
740 2005 857 2064 animos
868 2008 1099 2069 commovendos
1113 2019 1143 2068 et
1154 2009 1192 2067 ad
1207 2019 1274 2067 stu·
1303 2038 1310 2051 ³

175 2096 259 2154 dium
272 2091 393 2151 ιιιιιιιιι
407 2089 576 2167 augendum
589 2099 733 2164 uturstur,
754 2090 907 2148 excultum
920 2091 960 2150 sit
974 2099 1062 2170 atque
1079 2094 1273 2174 perpolitum,
1299 2150 1304 2158 ,

173 2199 272 2258 nuper
301 2198 334 2235 ea
355 2175 541 2273 eloquentia,
583 2195 660 2253 quae
689 2184 828 2234 versatur
853 2176 884 2233 in
921 2175 1041 2236 rebus
1075 2179 1272 2259 publicis,

174 2281 328 2344 quaeque,
349 2259 407 2318 ιιιιι
400 2259 529 2337 Anglos
551 2259 700 2339 excipias,
723 2258 775 2318 diu
800 2268 949 2320 contemta
965 2261 1059 2321 iacuit
1077 2284 1113 2321 ac
1127 2263 1272 2340 neglecta,

173 2348 257 2428 apud
273 2354 421 2405 nostrates
438 2343 588 2403 clatebris
604 2344 664 2404 suia
678 2355 820 2404 revocata
838 2354 884 2403 est
901 2358 931 2404 et
946 2345 978 2403 in
989 2346 1085 2407 lucem
1111 2342 1270 2426 producta.

174 2433 323 2506 Quaeres
343 2439 379 2487 ut
400 2429 436 2487 iis
455 2427 608 2502 omnibus,
639 2429 691 2507 qui
712 2427 785 2488 huic
815 2430 873 2489 arti
887 2430 1020 2490 student
1038 2444 1068 2491 et
1087 2442 1195 2511 quanta
1207 2450 1272 2492 eiua

139 2528 143 2535 ‘
172 2517 219 2575 ιιι
240 2517 278 2574 ιιι
309 2534 368 2573 non
389 2513 543 2591 ignorant,
580 2513 658 2571 laeta
681 2514 739 2573 erit
761 2525 849 2594 atque
870 2524 1011 2594 accepta,
1031 2519 1088 2576 ita
1106 2516 1189 2576 haud
1208 2516 1298 2576 scio-

172 2622 212 2660 an
234 2599 372 2659 subtilius
394 2609 547 2658 oratorum
567 2608 704 2657 veterum
726 2609 755 2658 et
780 2600 908 2677 maxime
927 2601 1110 2664 Graecorum
1135 2600 1184 2659 vel
1197 2621 1273 2679 pro-

170 2696 276 2767 pterea
289 2683 400 2742 excitet
415 2683 564 2758 studium,
587 2684 669 2764 quod
687 2682 719 2742 hi
740 2685 927 2764 eloquentiae
941 2705 1030 2745 verae
1049 2695 1080 2744 et
1094 2685 1271 2745 calamistris

170 2791 235 2831 non
255 2770 374 2828 fucatae
396 2777 533 2827 auctores
561 2787 714 2846 nunquam
731 2790 795 2829 non
821 2778 917 2828 erunt.
972 2770 1031 2830 Sed
1050 2790 1086 2828 ne
1114 2768 1188 2828 haec
1211 2790 1272 2847 ars,

173 2874 251 2936 quae
275 2873 356 2911 nova
378 2852 438 2910 iam
463 2853 543 2932 cepit
560 2852 759 2930 incrementa,
780 2870 916 2934 unquam
928 2854 966 2914 ad
979 2854 1140 2914 verborum
1152 2855 1272 2912 vertita-

169 2948 285 3000 temet
307 2937 449 2996 orationis
468 2937 651 2997 ieiunitatem
674 2939 853 3014 descendat,
882 2939 904 2998 ii
929 2941 1038 3019 opu'me
1055 2937 1271 3019 providebunt,

172 3026 226 3104 qui
241 3023 445 3103 perfectorum
463 3033 616 3080 oratorum
636 3046 728 3105 opera
748 3045 807 3084 non
823 3022 913 3082 modo
931 3025 1059 3082 multum
1081 3021 1192 3103 diuque
1202 3042 1274 3083 ver-

171 3117 258 3186 sent,
282 3106 461 3179 sedetiam,
490 3127 566 3185 quae
588 3107 626 3166 sit
648 3111 770 3168 illorum
791 3108 823 3167 in
844 3108 971 3167 dicendo
993 3109 1144 3184 inventio,
1167 3109 1272 3187 ‹lispo-

170 3193 259 3266 aitio,
282 3192 496 3266 argumentatio
520 3202 549 3251 et
570 3196 715 3269 gravitas,
736 3199 927 3273 perspectum
947 3193 1194 3273 exploratumque
1215 3190 1273 3250 ha-

168 3277 269 3337 beant.
313 3274 454 3333 Veterum
467 3295 540 3335 vero
557 3287 709 3339 oratorum
721 3277 893 3337 memoriam
909 3279 1112 3337 recolentibus
1135 3279 1159 3335 1)
1169 3298 1273 3336 emo-

129 3392 136 3402 ·
170 3360 343 3434 sthenes,
366 3358 564 3435 Atheniensis,
575 3363 641 3422 iure
657 3364 767 3443 primas
781 3363 885 3422 tulisse
900 3363 1066 3422 videbitur:
1083 3361 1272 3441 quiquidem

168 3467 231 3506 non
249 3444 346 3505 solum
371 3443 519 3506 indefesso
538 3446 641 3506 labore
666 3457 763 3506 totum
784 3469 814 3507 se
836 3449 1024 3526 eloquentiae
1042 3446 1185 3520 tradidit,
1217 3445 1272 3504 sed

169 3531 259 3591 etiam
275 3530 457 3608 optimorum
470 3531 684 3590 historicorum
696 3531 794 3591 studio
806 3541 836 3591 et
850 3532 1065 3613 praestantium
1081 3552 1151 3590 suae
1165 3530 1272 3590 aetatis

144 3625 323 3684 eoratorum
340 3615 497 3694 disciplina
516 3634 587 3674 usus
602 3616 712 3695 optima
727 3636 863 3696 quaeque
885 3618 973 3695 elegit
984 3616 1022 3676 ad
1047 3627 1157 3691 artem,
1180 3612 1271 3692 quarn

167 3700 382 3800 profitebatur,
412 3699 644 3778 perficiendam,
672 3712 709 3762 ut
730 3711 760 3761 et
780 3700 896 3800 antiqui
917 3712 946 3760 et
967 3702 1149 3763 recentiores
1164 3698 1271 3757 critici

167 3787 199 3845 in
215 3786 277 3844 eius
292 3785 382 3843 laude
398 3786 592 3845 consentiant.
637 3789 684 3847 Ex
702 3786 762 3846 illis
782 3787 909 3848 maxime
925 3798 971 3846 est
987 3784 1152 3847 audiendus
1174 3782 1272 3841 Dio-

167 3893 187 3929 ιι
197 3872 301 3949 ysius
323 3868 392 3927 Hal
405 3869 547 3944 icarn.,
570 3873 623 3951 qui
644 3874 675 3931 in
695 3873 772 3932 libro
791 3872 828 3932 de
849 3872 955 3931 admir.
969 3872 1001 3930 vi
1018 3864 1222 3928 Demosthenis
1238 3869 1271 3927 in

52 3972 56 3979 '
168 3955 297 4015 dicendo
319 3955 352 4012 T·
369 3951 417 4012 Vl·
434 3974 465 4034 p-
480 3960 571 4021 1021.
587 3957 632 4016 ed.
646 3957 745 4017 Reislr.
758 3956 842 4030 dicit,
865 3978 906 4032 se,
922 3958 1019 4036 aliqua
1035 3955 1118 4017 ilem·
1133 3953 1270 4012 oratione

169 4051 282 4117 aurata,
318 4039 441 4099 numine
472 4040 602 4121 quodam
633 4042 747 4135 corripi
776 4041 927 4122 variisque
959 4038 1072 4101 moveri
1101 4037 1269 4114 affectibus,

203 4225 218 4259 *
236 4224 352 4362 {amari
369 4224 544 4297 marginibus
561 4223 696 4297 adscripti
712 4225 841 4282 indicant
864 4203 981 4300 pagidos
1007 4208 1138 4281 editionis
1159 4222 1270 4277 Frilser·

293 4309 330 4344 sn
