2768 4724
327 350 329 355 ,
423 254 896 323 sainsorensium
1023 250 1026 257 ’
1147 268 1227 333 ιιι.

103 443 195 501 nere,
224 423 299 505 quid
312 442 414 489 meum
437 435 532 505 essen
562 437 592 488 et
611 446 702 488 eausa
721 430 893 491 mutationis
911 431 965 492 ubi
982 434 1081 497 mirans
1103 445 1208 514 aperta

109 509 280 586 videretur,
294 530 367 573 eam
392 511 585 573 mutatinum
599 513 705 595 paucis
719 515 822 574 verbis
842 535 971 597 purgare
990 529 1081 601 atque
1095 540 1209 601 appro-

108 594 182 653 bare
208 595 359 673 contendi.
384 596 516 657 ·Vineta
533 617 599 659 mea
626 608 737 659 memet
758 600 885 660 caedere
902 600 984 661 haud
1004 605 1122 684 puduit.
1172 605 1209 665 ln

109 679 210 738 Wolfii
224 680 386 761 et'l'aylori
407 683 527 741 metalla
544 703 583 743 ne
596 682 778 759 inciderem,
800 683 1006 763 sedulo-cavi,
1028 685 1222 769 quamquam.

108 783 172 823 non
187 764 304 843 ubique
324 765 462 825 locorum
484 764 573 847 eilhgi
601 767 774 848 imprudens
799 789 868 829 eum
887 768 936 830 hia
958 782 1010 831 ant
1024 792 1093 833 cum
1106 774 1210 834 Mark-

108 848 199 908 lando
222 850 405 911 collisionem
426 852 560 912 invitam.
603 853 699 913 Locos
720 852 955 914 Scholiastarum
981 856 1020 914 ad
1046 857 1209 936 liernaoge*
1323 858 1327 867 “

107 952 178 994 nean
193 934 328 1016 crebrius
343 935 486 1012 recitavi,
503 957 565 997 non
579 958 640 1017 quo
662 938 809 998 bonarum
822 940 1028 1000 doctrinarum
1045 950 1141 1020 utque
1156 962 1211 1001 no-

109 1036 217 1078 varum
239 1028 271 1079 et
293 1021 495 1080 inauditas-um
512 1023 902 1103 summique‘iaciendarum
919 1024 1134 1105 prisniensem,
1156 1026 1211 1087 aed

111 1122 172 1181 quo
192 1103 330 1165 collectio
350 1105 424 1166 haec
442 1102 552 1167 Aldina
570 1108 696 1166 inventa
716 1109 867 1168 rarissima
889 1118 950 1183 est,
981 1111 1068 1171 cuiue
1087 1124 1211 1171 usuram

110 1188 280 1264 Emestiue,
302 1190 417 1267 senior,
438 1190 474 1252 V.
495 1192 529 1251 (ἶ.
550 1191 757 1269 theolegium
774 1186 910 1254 lites-ator
931 1194 1071 1270 nobilia-,¹
1087 1195 1212 1276 praedi-

111 1273 229 1332 eatione
239 1292 308 1333 mea
318 1281 430 1351 maior,
452 1275 526 1336 mihi
537 1277 698 1352 concessit,
721 1278 748 1337 si
765 1280 834 1357 quia
853 1278 932 1339 forte
949 1280 1087 1341 literatus
1099 1280 1139 1340 ad
1152 1279 1211 1340 ho·
1318 1291 1320 1295 ’

110 1378 178 1419 aum
191 1357 426 1420 Scholiastarurn
445 1371 477 1420 et
490 1361 528 1420 ad
539 1371 674 1421 veterum
684 1361 890 1423 technicorum
905 1383 959 1423 seu
976 1362 1210 1440 rhetoricorum,

109 1444 164 1522 qui
180 1443 347 1504 secundum
367 1445 479 1505 Aldum
499 1446 580 1526 typis
598 1464 750 1524 nunquam
771 1449 908 1508 renovati
925 1459 1012 1524 sunt,
1031 1448 1211 1509 incitaretm
1285 1478 1289 1484 ·

109 1527 214 1587 studio
231 1530 426 1609 recoqueudi.
467 1526 551 1591 Haec
563 1532 656 1591 ferme
676 1531 774 1591 forma
793 1542 838 1592 eet
851 1552 983 1593 mearum
998 1534 1038 1594 ad
1053 1535 1136 1593 Dem.
1154 1552 1211 1594 an-

109 1613 314 1688 notationum,
341 1635 466 1694 quarum
485 1634 558 1696 pare
576 1634 664 1685 ,nunc
686 1616 718 1675 in
736 1614 798 1677 hoc
817 1616 950 1677 secundo
963 1616 1132 1698 Apparatus
1154 1637 1211 1677 vo-

109 1698 222 1757 lumine
243 1698 365 1779 prodit,
385 1701 502 1781 reliqua
524 1701 556 1759 in
575 1701 667 1759 tertio
691 1700 873 1780 prodibunt,
905 1702 1003 1781 siper
1023 1702 1084 1769 fata
1098 1700 1209 1778 licebit,

109 1781 290 1844 inservitura
305 1784 454 1844 lectonam
472 1784 588 1859 umbus,
611 1794 641 1843 et
658 1785 788 1845 obnoxia
807 1786 910 1845 futura
934 1804 1091 1845 censorum
1108 1785 1212 1865 aequif

108 1952 178 2011 Iam
196 1962 350 2032 superest,
371 1962 408 2013 ut
430 1955 468 2016 de
487 1953 675 2014 variantibus
693 1954 872 2015 lectionibus
894 1956 1009 2030 dicam,
1041 1976 1118 2035 quae
1138 1954 1213 2014 meis

111 2037 153 2095 ad
167 2036 425 2098 Demosthenioam
445 2059 595 2118 quamque
614 2039 779 2098 orafionsm
803 2041 1045 2109 annotationibus
1061 2040 1213 2101 subiectae

114 2131 193 2184 suut.

177 2207 335 2285 Negotium
354 2207 485 2287 spissum
512 2215 542 2266 et
566 2226 714 2288 perquam
741 2209 899 2268 molestum
926 2207 968 2266 ob
997 2208 1214 2285 indiligentiam

111 2300 262 2366 veterum,
286 2293 368 2351 unde
383 2293 612 2352 suaa-lectiones
625 2292 811 2370 hausissent,
827 2291 959 2354 dilucide
973 2301 1004 2352 et
1019 2294 1108 2353 certis
1122 2303 1214 2371 atque

111 2376 243 2436 indubiis
254 2378 335 2436 notia
353 2385 383 2436 et
395 2377 565 2436 nominibus
585 2377 769 2457 designandi.
811 2377 988 2436 Dubitabem
1000 2376 1101 2455 itaque
1117 2378 1214 2454 initio,

111 2481 185 2520 nuru
207 2461 345 2523 meliores
364 2470 482 2522 tantum
507 2462 651 2522 lectiones
677 2462 865 2541 efarragine
879 2481 1012 2522 mearum
1034 2461 1213 2523 schedarum

112 2546 291 2624 dehgerem,
323 2541 361 2605 ari
383 2556 480 2606 totum
503 2546 694 2607 effmtderem.
737 2548 892 2621 Fuissent,
923 2548 974 2626 qui
992 2548 1071 2607 illud
1092 2547 1216 2607 laudas·

112 2640 196 2707 sent,
232 2632 286 2691 aad
306 2640 392 2691 eram
410 2641 516 2690 contra
541 2633 781 2711 multoplures,
817 2633 869 2710 qui
888 2631 948 2690 hoc
968 2632 1125 2691 malebant.
1176 2633 1215 2692 Et
1270 2656 1273 2661 ·

112 2727 245 2795 praestat
264 2717 370 2794 utique
392 2736 508 2795 semper
527 2716 559 2774 in
573 2717 717 2776 eiusmodi
734 2736 786 2791 re,
808 2724 899 2794 atque
911 2716 1005 2773 tutius
1020 2726 1080 2790 est,
1102 2717 1216 2775 libera·

113 2802 199 2860 litate
219 2802 366 2873 donandi,
389 2801 524 2882 quamvis
544 2801 653 2872 insint,
676 2801 787 2876 quibus
804 2799 849 2859 uti
870 2818 1018 2875 nequeas,
1042 2818 1130 2875 quarn
1145 2820 1216 2876 par-

115 2884 207 2945 citate
225 2906 367 2964 peccare,
397 2884 622 2964 quorum¹illud
642 2883 731 2941 fidem
752 2892 833 2940 tuam
849 2890 998 2953 testatur,
1016 2890 1086 2937 utut
1110 2883 1217 2941 lectori

114 2988 238 3047 operam
265 2970 412 3048 deligendi
432 2970 599 3046 relinquat;
621 2960 696 3025 ¹hoe
727 2966 764 3026 de
789 2965 943 3041 diligentia
966 2962 1138 3041 iudicioque
1163 2973 1217 3024 tuo
1278 2992 1280 2998 Α
1308 2973 1319 2997 ‘

113 3055 241 3114 dubium
254 3056 413 3133 relinquit,
436 3063 467 3113 et
489 3052 687 3129 arrogantiam
705 3061 788 3111 tuam
809 3048 930 3131 prodit,
953 3049 1038 3127 quasi
1051 3046 1218 3109 lectoribus

112 3141 175 3198 tuis
194 3139 278 3198 haud
298 3142 370 3199 satis
390 3140 517 3198 multum
538 3137 705 3216 sagacitatis
725 3136 822 3195 inesse
841 3133 1039 3210 credidisses,
1062 3133 1114 3213 qui
1128 3133 1218 3194 dele·-

115 3234 199 3283 ctum
219 3225 292 3303 ipsis
318 3224 543 3303 praeripuisses.
585 3225 625 3282 Et
647 3222 785 3301 proiecto
807 3229 875 3279 ante
899 3239 1001 3279 omnes
1022 3220 1119 3298 primo
1142 3218 1217 3278 mihi

115 3309 252 3369 delectus
273 3308 325 3366 hic
345 3309 439 3367 durus
458 3318 488 3367 et
505 3325 613 3389 anceps
633 3307 705 3382 suit,
727 3316 762 3365 ut
776 3324 881 3386 saepe,
902 3322 1071 3383 promerem
1087 3325 1124 3362 an
1137 3325 1218 3383 pre-

114 3415 227 3453 merem
251 3394 382 3472 aliquam
410 3394 584 3466 lectionem,
612 3391 797 3469 ambigerem.
850 3389 1014 3469 Tentabam
1043 3409 1135 3468 opus,
1164 3388 1218 3448 sed

116 3494 294 3559 progressus
311 3498 408 3556 usque
427 3477 465 3536 ad
478 3496 508 3556 p.
522 3478 574 3540 24.
588 3494 692 3535 rursus
709 3474 883 3534 abiiciebam
904 3475 1063 3533 molestum
1077 3484 1107 3533 et
1120 3474 1219 3532 infru-

120 3574 257 3622 ctuosum
281 3572 436 3621 conatum:
455 3570 486 3620 et
502 3561 632 3642 praebeo
660 3560 711 3619 hic
725 3578 920 3640 quaecunque
946 3561 1017 3618 olim
1040 3559 1073 3617 in
1093 3558 1218 3617 schedas

118 3661 325 3721 congesseram
352 3647 552 3725 undecunque
575 3645 737 3704 lectionum
754 3643 1058 3711 Denrostheniearum.
1101 3642 1141 3699 At
1160 3641 1220 3699 hoc

116 3734 213 3793 nolim
229 3742 341 3808 tamen,
363 3731 444 3790 hanc
457 3731 582 3789 crudam
594 3731 720 3804 molem,
742 3731 786 3788 sic
801 3739 838 3788 ut
858 3748 938 3786 nunc
952 3738 1014 3803 est,
1036 3727 1085 3784 vel
1101 3734 1219 3784 auctam

120 3812 239 3890 etiams
255 3839 311 3896 per
331 3837 451 3889 omnes,
475 3835 550 3895 quae
570 3815 762 3894 postmodum
783 3814 941 3887 exsistant,
972 3813 1115 3872 editiones
1136 3811 1219 3867 Dens.

120 3903 249 3961 maiores
272 3902 470 3981 provolutari.
515 3901 609 3957 Unam
630 3900 666 3958 ab
688 3900 882 3978 aliquo-vira
893 3898 984 3956 docto
996 3903 1145 3968 nostrate,
1168 3901 1229 3952 aut·

120 3987 153 4045 in
164 3988 283 4064 Belgio,
305 3987 355 4046 vel
375 3986 497 4063 Anglia,
522 3984 612 4043 condi
634 3983 810 4060 editionem,
836 3984 868 4042 in
888 4003 947 4061 qua
965 4001 1030 4039 mea
1049 3976 1124 4037 haec
1144 3987 1220 4053 tota,

121 4072 372 4143 sed·reiormata,
397 4091 465 4130 cum
487 4079 595 4129 euncta
613 4069 671 4128 hac
686 4071 771 4148 sylva
794 4068 990 4139 variantium,
1015 4083 1108 4142 eaque
1132 4063 1222 4124 etiam

122 4177 193 4215 cum
214 4176 230 4216 e
250 4156 334 4216 libris
355 4155 440 4214 bonis
467 4165 531 4214 tum
551 4174 590 4213 ex
608 4154 788 4213 editionibus
812 4154 939 4212 aliorum
965 4158 1100 4212 veterum
1117 4147 1222 4208 aucto·

121 4262 192 4302 rum
221 4250 308 4300 aucta
325 4240 473 4300 verbatim
497 4239 659 4315 reddetur,
694 4238 727 4298 id
747 4248 862 4298 tanturn
884 4234 968 4295 abest
986 4242 1022 4293 ut
1042 4236 1150 4307 nolim,
1186 4241 1223 4292 ut

121 4320 362 4408 potiiieinvotis
375 4323 509 4391 babeam.
554 4324 666 4386 Verum
682 4344 718 4385 ea
738 4338 777 4385 rte
797 4341 880 4385 ruere
900 4306 1021 4385 secrato
1041 4338 1095 4382 eeu
1116 4336 1222 4381 recan-
