2768 4724
310 186 313 193 ’
443 196 995 295 a'nnunosrnanrn
1080 268 1084 275 -
1207 237 1252 301 π

148 400 242 477 tioni,
271 407 330 462 aut·
340 399 546 475 aemulationi,
577 416 648 458 eum
668 396 813 478 simplicis
828 400 961 461 veritatis
978 400 1126 464 rationein
1140 393 1253 469 habos
1363 396 1366 405 ’

68 574 76 585 ‚
149 523 184 564 se
198 505 319 579 dicunt,
341 522 390 562 me
401 500 594 562 vehementer
608 509 748 575 movent,
776 509 813 560 ut
828 502 930 561 mulu's
944 502 979 563 in
991 503 1085 564 rebus
1105 494 1253 583 agendiia

151 613 184 664 et
197 600 461 686 pronunciandum
484 621 555 662 esse-
567 602 686 661 cautim
707 602 882 663 existimem.
925 604 1053 666 Proinde
1069 625 1110 666 na
1122 605 1253 677 studiosi

147 706 249 766 Latini
267 703 416 765 sermonis
431 704 464 764 in
482 702 544 762 hoc
563 712 658 783 opera'
674 703 821 765 deteriore
838 703 1016 766 coriditious*
1027 718 1140 783 essent,
1161 727 1252 788 quatu

147 807 276 867 Graecis
297 804 395 866 literis
418 804 544 880 eruditi,
574 805 790 866 convertendas
813 807 902 865 etiam
922 803 980 865 has
995 807 1113 888 Ulpiani
1127 831 1252 871 enarra-
1280 792 1287 801 ⁷

144 909 246 969 tiones
260 906 398 987 suscepi,
419 926 480 966 non
493 906 552 964 alia
563 920 597 966 re
609 911 702 985 magis
716 907 830 984 linus,
845 927 943 988 vquam
955 908 1087 968 candore
1103 919 1135 968 et
1142 909 1254 973 huma-
1300 978 1303 988 ,

144 1012 242 1071 nitate
263 1000 351 1089 aequi
374 1009 513 1084 lectoris,
540 1005 622 1090 (quis
640 1009 719 1068 enim
736 1010 774 1068 iis
795 1007 1040 1087 difficultatibus,
1062 1029 1137 1089 quas
1159 1031 1252 1092 supra
1304 1039 1310 1048 ’

144 1110 292 1192 exposm,
313 1111 520 1170 circumvento
539 1110 658 1169 reniam
672 1130 735 1169 non
753 1108 852 1186 daret,
872 1111 930 1179 nisi
953 1133 972 1171 a
993 1113 1145 1172 communi
1162 1115 1252 1175 atissa

147 1230 241 1272 sensu
256 1210 413 1293 sllsnns'l)
442 1221 473 1271 et
496 1209 671 1270 assiduitate
687 1210 855 1290 diligentiae
870 1233 905 1272 ac
918 1212 951 1272 iu
965 1213 1121 1276 doctrinae
1133 1215 1252 1292 studiis,

146 1315 260 1395 qmlsus
272 1332 322 1374 me
335 1312 475 1392 iniquum
487 1313 608 1371 &nuni
624 1312 709 1372 sidus
727 1314 835 1394 exiguo
851 1334 921 1375 cum
932 1317 1035 1377 fructu
1050 1327 1081 1378 et
1089 1318 1251 1397 voluptate

142 1416 298 1496 alligavit,
334 1414 494 1476 tolerantie
519 1415 725 1475 molestiarum
746 1425 777 1476 et
795 1416 942 1477 laborum.
992 1418 1133 1505 Codicem
1156 1419 1251 1497 igituir
1269 1446 1273 1454 ·

119 1594 122 1599 Ι
147 1521 313 1593 Graecum,
334 1517 388 1578 ubi
401 1515 435 1578 id
446 1515 520 1577 mihi
532 1517 608 1577 citra
620 1517 840 1595 temeritatem,
859 1528 952 1598 atque
974 1519 1051 1579 adeo
1069 1538 1143 1580 vere
1160 1540 1250 1600 possa

145 1622 249 1682 facere
267 1617 409 1695 videbar,
436 1618 548 1699 partim
562 1618 664 1679 verbis
676 1617 901 1695 Demosthenis,
921 1619 961 1678 ad
975 1638 1053 1699 quae
1065 1628 1130 1679 tots
1150 1622 1249 1700 expli-

146 1724 229 1784 catio
247 1719 406 1784 referende
427 1728 492 1797 est,
519 1719 679 1800 diligenter
692 1720 853 1801 inspectis,
873 1722 985 1803 partim
1005 1720 1162 1801 sagacibus
1174 1741 1250 1781 con·

143 1826 269 1888 iacturis
288 1822 447 1898 adhibitis,
465 1822 542 1882 locis
561 1822 631 1902 plus
653 1822 701 1882 bis
722 1823 803 1883 mille
822 1825 956 1900 carram,
981 1824 1156 1904 nequefere
1171 1843 1251 1903 pau·

143 1929 230 1989 ciera
244 1927 413 1986 incorrecte
426 1923 591 2004 praeterii,
615 1933 648 1984 et
663 1932 800 2003 suspecta
816 1937 905 2006 atque
920 1927 1048 1986 ohanna
1057 1923 1133 1985 milri
1149 1923 1251 1987 omnis

143 2027 410 2105 stellulissignavi.
431 2026 470 2087 Et
481 2026 526 2085 sic
535 2027 650 2109 primae
664 2028 836 2090 difficultati
846 2028 961 2088 mederi
970 2047 1038 2088 sum
1045 2036 1180 2087 conatus.
1203 2025 1249 2087 Da
1307 2028 1310 2033 ’

144 2132 215 2210 ipso
228 2138 331 2189 autem
346 2126 464 2188 artificii
478 2128 604 2190 oratorii
617 2130 824 2214 etUlpianicas
836 2129 989 2191 doctrinae
1002 2148 1110 2208 genere
1121 2147 1180 2208 pro
1193 2146 1249 2187 siaa
1272 2173 1279 2185 .

144 2233 274 2313 quisque
293 2231 488 2311 persuasione
509 2230 561 2290 vel
577 2231 703 2310 probet,
719 2233 779 2292 -rel
795 2231 961 2313 improbet,
984 2230 1067 2311 quod
1077 2230 1249 2291 videbitur:

143 2333 239 2395 modo
260 2330 339 2392 illud
354 2331 540 2407 meminerit,
569 2351 639 2392 eum
659 2331 800 2411 usitatam
813 2334 876 2395 suis
886 2331 1079 2414 temporibus
1091 2331 1249 2406 rationem,

145 2453 225 2514 quse
246 2432 349 2492 multis
368 2433 530 2512 ingeniosis
548 2442 580 2493 et
600 2432 724 2495 eruditis
738 2420 909 2496 hominibus
927 2435 1079 2518 placeret,
1100 2424 1248 2506 secutum,

144 2536 299 2597 obstitisse
315 2542 405 2613 atque
420 2509 563 2613 invidisse
579 2537 707 2612 nemini,
731 2538 783 2616 qui
795 2538 913 2599 doctius
926 2547 978 2596 sut
995 2534 1176 2615 explicatius
1191 2530 1249 2591 ali·

143 2637 223 2719 quid
245 2637 351 2696 afferre
366 2634 458 2694 vellet
479 2635 512 2694 in
525 2636 666 2699 medium.
711 2639 771 2698 Sed
783 2638 843 2701 hoc
865 2641 904 2699 ad
920 2638 1083 2700 verborum
1095 2638 1249 2715 interpre-
1375 2677 1378 2683 -

141 2748 208 2800 tem
231 2746 353 2796 eatenus
373 2736 521 2795 duntaxa
541 2739 662 2815 attiue‘t,
690 2750 777 2802 utne
791 2743 851 2802 otio
871 2742 944 2824 (quo
959 2761 1012 2818 ego
1026 2749 1106 2800 certe
1126 2737 1248 2797 minime

145 2837 284 2917 abundo)
305 2838 416 2897 abusui
443 2857 507 2898 esse
527 2840 683 2902 videatur:
717 2854 835 2903 caetera
860 2845 919 2922 ipsi
940 2842 1040 2900 autori
1067 2836 1248 2916 praestanda

142 2948 236 3010 sunt,
258 2938 321 2999 sive
334 2941 360 3000 is
372 2939 464 3016 bene,
486 2937 549 3000 sive
563 2942 641 3000 male
655 2943 807 3023 scripserit
821 2963 857 3001 ac
869 2941 1016 3001 docuerit.
1058 2936 1138 2996 Illud
1149 2945 1249 2997 autem

141 3043 246 3102 facere
264 3060 326 3100 non
349 3039 500 3118 dubitavi,
518 3030 573 3103 'ut
596 3044 706 3105 alicubi
731 3053 908 3126 perpetuam
927 3039 1046 3122 Ulpiani
1072 3037 1248 3112 orationem,
1312 3079 1316 3087 Α

139 3144 301 3204 brevitatis
315 3144 479 3204 servandas
495 3153 525 3205 et
536 3147 691 3209 molestiae
703 3148 844 3211 vitandae
860 3167 960 3221 muse,
975 3146 1039 3205 sine
1053 3142 1117 3209 ullo
1132 3122 1248 3202 autoris

140 3245 324 3306 detrimento
356 3243 582 3325 intersererem,
618 3249 766 3310 et'verba
797 3246 1005 3334 Demosthenis
1031 3228 1245 3327 parentheseos
1287 3268 1291 3275 ·

140 3347 230 3425 signo
245 3345 425 3413 clauderetu-
467 3347 570 3408 Veluti
593 3369 662 3409 cum
674 3351 820 3432 Ulpianus
836 3349 944 3424 habet,
966 3348 999 3413 lv
1012 3347 1044 3412 dl
1058 3353 1114 3434 τῷ,
1137 3337 1189 3425 οὔχ
1203 3346 1248 3410 ivl
1343 3342 1346 3347 ¹

142 3447 259 3512 didisse
277 3441 380 3530 τρόπῳ
387 3494 397 3524 ,
419 3444 602 3537 σοφίζειαιᾷ
617 3444 735 3537 ῥήτωρ,
757 3473 812 3533 ego
833 3451 966 3511 sicfaci:
988 3448 1059 3510 Non
1080 3446 1245 3510 anamodo

144 3544 252 3627 dedis.)
273 3548 331 3609 Hic
344 3549 550 3638 captioseagit
565 3561 675 3613 orator.
718 3554 850 3633 Alioqui,
872 3553 897 3611 si
919 3552 951 3616 ἐν
969 3550 1002 3615 di
1019 3557 1064 3636 spi
1082 3549 1247 3619 voluissem

140 3651 335 3729 exprimere,
372 3647 536 3709 dicendum
553 3651 673 3714 suaset:
707 3656 743 3715 ln
763 3654 823 3715 his.
838 3665 937 3715 autem
956 3654 1074 3728 verbis,
1107 3674 1167 3712 non
1187 3670 1246 3709 unc
1336 3664 1339 3669 ·

139 3748 234 3812 modo
251 3747 351 3827 dedit,
373 3751 507 3830 captiose
524 3753 585 3831 agit
598 3766 700 3817 orator
705 3783 716 3836 3
738 3757 822 3837 quod
837 3777 935 3837 neque
955 3755 1118 3816 dilucidius
1132 3758 1191 3825 est,
1214 3760 1247 3813 et

142 3853 311 3931 prolixius,
348 3862 378 3912 et
397 3855 473 3929 tale,
496 3851 541 3929 ut,
560 3856 587 3914 si
605 3859 711 3936 paucis
733 3859 766 3918 in
781 3859 919 3920 versibus
937 3859 1057 3938 saepius
1079 3860 1245 3929 repetatur,

143 3952 266 4013 fastidio
282 3954 429 4016 lectorem
451 3965 564 4016 enecet.
607 3959 700 4020 Nemo
714 3960 823 4038 igitur,
848 3962 969 4040 opinor,
992 3959 1051 4018 hac
1065 3957 1180 4015 sactum
1194 3974 1246 4015 re·
1337 4012 1344 4021 .

140 4052 320 4136 prehendet,
340 4060 519 4137 praesertim
532 4080 601 4122 cum
613 4063 656 4122 ita
671 4068 818 4122 nactatus
830 4063 870 4122 sit
881 4063 1035 4141 Ulpianus,
1057 4069 1093 4119 ut
1104 4059 1142 4119 ab
1157 4081 1246 4122 enar·
1261 4102 1265 4106 -

137 4156 309 4219 reticendus
329 4158 368 4218 sd
389 4162 612 4240 annotationes,
629 4160 778 4244 'unquam
799 4164 838 4224 ab
854 4164 939 4241 equis
959 4162 998 4221 ad
1014 4162 1128 4239 asinos,
1150 4164 1246 4224 dero-

135 4258 222 4320 lutus
235 4280 300 4321 esse
318 4260 466 4335 vidastun
509 4265 547 4329 ln
565 4267 640 4331 artis
657 4277 761 4331 eutem
776 4266 950 4344 vocabulis,
992 4254 1115 4331 uoniam
1132 4265 1246 4327 latinis
1327 4351 1330 4358 Ι
