2768 4724
93 362 99 373 ,
198 266 318 370 ioo'
508 248 978 357 'ennernrsonns

149 488 152 493 ·
260 462 316 548 ᾗ]
346 464 451 560 Codex'
466 416 683 547 praestantior,
709 462 803 524 seculi
827 458 1008 526 duodecimi.
1058 460 1187 524 videtur
1202 462 1324 563 bodie'
1368 450 1371 455 ’

194 569 238 629 io
256 566 423 648 dorimini,
437 587 480 627 sc.
496 570 595 633 2772
691 656 694 661 Ι
825 614 826 619 ,
1234 660 1238 667 .

87 750 89 756 Α
208 750 211 759 ,
258 686 315 768 θ.]
343 685 439 747 Hodie
462 688 557 751 2187.
585 682 677 743 Plura
702 680 922 761 complectitur.
966 678 1087 759 Codex,
1113 683 1161 742 uti
1181 703 1199 741 a
1217 682 1293 742 Viro
1335 653 1371 725 ss⁸

195 789 368 850 doctissimo
395 786 589 862 describitur,
628 802 697 844 cum
717 783 838 865 optimis
866 784 1082 862 numerandus,
1113 783 1294 845 duodecimo

75 916 77 923 ⁴
194 880 296 950 seculo
312 898 460 951 exaratus.

130 1058 139 1071 .
261 1006 387 1091 Obsop]
409 980 572 1087 Exemplar
587 1003 778 1066 admirandae
792 1005 969 1083 retiutstis,
990 1006 1091 1068 verbis
1109 1015 1179 1067 utor
1191 1006 1292 1066 Obs'o-
1316 1081 1321 1090 ἱ

140 1146 144 1161 ·
184 1111 276 1193 poci.
320 1109 401 1170 illud
417 1108 522 1187 utiquo
537 1128 615 1167 anno
636 1108 727 1172 1533.
743 1127 811 1168 cum
823 1101 953 1169 editione
970 1108 1080 1169 Aldina
1096 1108 1225 1188 contulit
1236 1096 1293 1168 vii

192 1213 245 1274 ille
262 1211 413 1288 eruditus,
434 1211 588 1289 multaque
610 1209 689 1271 inter
704 1210 1009 1270 conferendum'scite
1024 1210 1205 1271 observavit.
1248 1209 1292 1268 m

192 1314 309 1393 primus
321 1311 449 1392 protulit
461 1303 583 1374 Hieron.
599 1309 741 1388 wolfius,
763 1311 814 1392 qui
828 1310 980 1392 exemplar
992 1312 1179 1374 Parmenium
1193 1310 1291 1372 nomi·
1334 1394 1337 1399 .

193 1435 264 1475 nare
277 1412 408 1474 videtur.
718 1416 722 1425 '

255 1530 351 1613 Aug]
375 1530 538 1613 Exemplar
558 1541 588 1593 et
607 1540 704 1592 aetate
721 1540 752 1591 et
763 1528 822 1590 fide
835 1530 1084 1609 spectatissimum
1090 1545 1110 1610 ‚‘
1122 1531 1161 1593 ad
1183 1531 1291 1593 civita-

192 1642 269 1708 tem,
300 1652 377 1712 quae
400 1633 533 1712 Augusta
554 1633 778 1711 vindelicorum
799 1628 927 1708 dicitur,
962 1635 1127 1714 pertinens.
1177 1634 1289 1694 Demo-

136 1814 141 1819 ·
191 1733 306 1794 athenis
321 1736 384 1796 iere
399 1736 497 1794 omnia
520 1735 736 1815 complectitur.
780 1732 982 1813 Excipiuntur
1002 1734 1080 1794 enim
1101 1734 1289 1796 sobrmmodo

193 1837 353 1915 epistolae,
385 1836 536 1898 orationes,
555 1837 689 1896 funebris
711 1846 742 1896 et
762 1836 928 1925 amatoria,¹
949 1836 1073 1896 exordia
1097 1838 1289 1912 concionum,

193 1947 223 1996 et
241 1922 549 2017 pirissae‘orntiones
571 1939 711 2017 quinque.
760 1937 901 1997 Codicens
923 1938 1009 1999 illum
1029 1939 1060 2009 in
1078 1937 1178 1997 Wolfii
1198 1956 1289 1997 usum

192 2038 231 2097 ad
251 2037 398 2098 minorem
410 2038 625 2118 Hervagianam
645 2028 925 2117 diligenter'exegit
942 2042 1023 2111 Simo
1036 2038 1189 2098 Fabricius
1205 2037 1289 2096 Mer·
1373 2052 1376 2061 ’

191 2140 417 2219 copibertanus,
439 2140 582 2202 Francus.
625 2139 700 2216 Vide
717 2138 838 2214 Hieron.
852 2138 952 2200 Wolfii
974 2141 1076 2200 literas
1090 2148 1288 2219 nuncupato-

189 2241 251 2301 riae
269 2242 309 2303 od
331 2247 472 2303 Senatum
489 2242 680 2320 dugmtonae
702 2241 778 2322 reip.
802 2241 901 2316 datas,
938 2242 1039 2303 literas
1067 2242 1141 2302 item
1160 2241 1288 2300 Simonis

189 2343 319 2405 Fabricii
339 2343 430 2404 huius
453 2342 565 2403 codicis
583 2344 767 2409 variantibus
787 2342 933 2424 praefixas
954 2362 1022 2424 pag.
1045 2344 1136 2409 1420.
1166 2342 1288 2402 Editio-

189 2445 236 2503 nis
263 2444 529 2505 Francobirtanae:
563 2466 657 2526 porro
682 2428 779 2505 autem
808 2445 979 2520 liemarum,
1016 2443 1228 2506 Hoeschelium
1258 2453 1287 2506 et

188 2541 368 2622 Ebingerum
376 2590 385 2622 ‚
409 2547 460 2626 qui
474 2547 511 2607 de
520 2536 703 2607 bibliotheca
714 2546 799 2606 istius
810 2547 941 2606 civitatis
954 2547 1144 2607 commentati
1158 2556 1238 2606 sunt

154 2716 161 2724 .
253 2658 345 2744 tot]
374 2665 477 2724 Codex
498 2665 636 2740 Italicus)
667 2674 757 2744 atque
778 2663 860 2724 baud
886 2665 966 2741 scio,
999 2687 1097 2727 annon
1119 2665 1287 2725 exilitione

187 2747 316 2840 Veneta,
338 2785 414 2825 -cum
436 2767 565 2829 editione
585 2767 694 2829 Aldina
712 2776 910 2846 comparatus.
961 2769 1004 2827 Dc
1022 2788 1082 2848 quo
1102 2764 1179 2827 nihil
1196 2786 1286 2846 prae·
1310 2760 1322 2817 ,'

187 2873 270 2926 terea
282 2866 564 2941 Francosiutensos‚
587 2869 639 2948 qui
654 2868 795 2931 videntur
805 2869 897 2951 primi
910 2868 1090 2930 adhibuisse.

138 3008 139 3012 ¹
254 2984 410 3066 Vendat]
441 2988 545 3048 Codex
566 2976 799 3066 Augbstissimae
817 2987 1054 3049 vindobonensis
1073 2966 1294 3064 mbnomemej.

84 3160 88 3167 1
186 3087 320 3147 Nesselio
336 3087 569 3170 philosophicus
598 3109 722 3167 mosem
746 3091 816 3151 Par.
837 3090 888 3149 IV.
909 3091 946 3150 N.
968 3091 1061 3148 LXX.
1086 3089 1286 3168 bombycinus

187 3197 219 3247 et
238 3187 335 3249 bonae
348 3199 435 3250 notae
443 3235 452 3265 ‚
473 3191 504 3250 in
517 3190 607 3266 folio,
630 3198 770 3250 constans
790 3189 871 3249 foliis
884 3188 1019 3249 ducentis
1031 3191 1153 3268 triginta
1165 3211 1285 3254 novem.

186 3288 275 3350 Liber
293 3290 360 3367 iile,
383 3292 435 3370 qui
453 3291 599 3371 plauimas
612 3292 766 3351 orationes
786 3290 1009 3370 complectitur,
1030 3291 1165 3353 diversae
1178 3302 1223 3353 est
1234 3313 1286 3353 ae-

186 3390 268 3449 tatis:
289 3413 358 3451 nam
370 3402 442 3472 post
459 3392 621 3453 orationem
643 3392 680 3451 de
695 3390 880 3451 Rhodiorum
895 3392 1034 3452 libertate
1053 3392 1161 3473 incipit
1175 3413 1285 3473 peran-

186 3491 288 3571 tiquus
302 3492 465 3555 eburumes
480 3493 592 3573 decimi
610 3492 736 3555 mrciter
759 3494 872 3571 seculi,
900 3514 961 3573 quo
983 3504 1119 3555 caeterae
1142 3495 1284 3574 deinceps

186 3597 335 3655 orationes
356 3592 418 3655 boc
430 3594 541 3655 -cedice
561 3592 793 3675 comprehensae
815 3605 984 3656 emantur.
1033 3596 1121 3656 Hunc
1139 3597 1235 3674 gratia
1253 3606 1284 3658 et

66 3698 70 3711 ’
184 3692 355 3756 interventu
371 3691 554 3758 Nobilissimi
569 3696 695 3756 Comitis
710 3717 888 3758 suanum
907 3698 940 3757 in
960 3719 1050 3760 usum
1067 3718 1167 3758 meum
1186 3716 1284 3756 accu-

184 3797 330 3857 ratissime
348 3797 477 3858 contulit
493 3797 665 3860 Dominicis
675 3798 850 3863 Bricborius
865 3801 1030 3864 Columbus
1044 3801 1068 3863 1.
1085 3799 1118 3859 F.
1132 3796 1283 3858 Patricius

171 3894 371 3960 'Ficariensis
1133 3973 1136 3981 Ι

243 4014 373 4095 Boreo]
396 4013 499 4076 Codex
519 4016 626 4078 Barea
650 4019 738 4080 Num.
756 3980 904 4083 txxm.
917 4022 1061 4083 tredecim
1077 4018 1197 4080 circiter
1211 4039 1281 4079 ora-
1303 4026 1308 4047 ¹

182 4116 279 4179 tiones
300 4119 454 4179 continens
475 4137 547 4180 cum
565 4121 691 4201 epistola
716 4121 821 4202 prima.
864 4123 1013 4184 Scribitur
1030 4123 1061 4182 in
1076 4120 1181 4183 charta
1193 4120 1282 4189 bom·
1366 4180 1371 4193 ,

132 4269 135 4273 .
181 4217 305 4298 bycina,
326 4221 407 4282 foliis
421 4218 559 4281 ducentis
579 4223 733 4301 sexaginta
752 4224 892 4303 duobus,
913 4237 1004 4309 atque
1018 4222 1281 4287 adseculumsero

182 4319 332 4383 decimum
343 4323 466 4384 tertium
480 4332 533 4386 aut
551 4334 692 4405 questum
703 4327 840 4407 margia
