2768 4724
433 196 945 289 insenescentem.
1197 224 1238 288 ιι

139 387 260 466 nisique
274 405 358 464 quasi
351 364 493 463 quidam
507 381 653 443 Hercules
665 381 779 475 Atlanti
800 382 946 447 defesso
935 407 968 449 ιιι
989 399 1105 469 partem
1127 391 1241 453 labon'a

142 487 337 563 successiset,
357 488 511 568 profecto,
533 497 569 546 ut
578 505 707 563 ingenue
721 487 858 567 fatear,
869 498 981 549 tantam
999 493 1112 585 negotii
1129 496 1241 556 molem

140 592 278 673 perferre
306 580 371 649 ιιὸιι
389 590 559 670 potuissem.
605 589 682 651 Cum
703 589 794 669 igitur
813 590 977 668 Dionysio
983 592 1131 655 lambino
1149 594 1241 656 huius
1295 635 1298 640 -
1353 661 1356 675 δ

142 693 282 754 editionis
294 674 449 753 absolutae
462 712 567 770 magne
581 690 676 768 gratia
690 690 852 769 debeatur,
872 700 939 751 tum
957 693 1103 789 Gulielmo
1116 696 1241 756 hloreho

138 805 261 856 mortuo
281 796 365 853 nulla
388 795 459 854 satis
481 795 579 873 ampla
601 793 667 851 laus
689 792 780 851 tribui
801 802 920 872 potest,
949 795 1002 872 qui
1023 768 1152 874 piimuna
1181 799 1242 860 hoc

96 890 98 894 ⁴
140 918 220 980 opus
235 916 322 956 orsus
336 906 396 956 est:
427 895 535 955 deinde
553 876 705 953 librorum
726 898 861 954 veterum
881 895 1034 972 regiorum
1055 918 1114 976 opo
1134 900 1240 979 fretus,

138 999 264 1081 Ulpiani
274 999 505 1061 commentarios
515 996 586 1077 plus
593 1003 698 1074 quarta
705 1004 792 1073 parte
800 1006 904 1057 auctos
917 997 1004 1057 nobis
1018 999 1156 1084 reliquit:
1171 1022 1241 1062 cuna

137 1112 262 1184 practer
270 1099 462 1190 diligentiam·
459 1109 497 1159 ·et
508 1098 687 1157 industriam
698 1095 772 1155 nihil
783 1097 884 1158 desua
895 1099 1055 1159 addiderit
1070 1120 1140 1160 nana
1153 1103 1243 1180 quic-

140 1203 218 1284 quid
234 1201 429 1275 additumest,
445 1201 630 1259 additumex
644 1198 729 1259 libris
739 1202 965 1280 manu-scriptis,
980 1202 1117 1281 quibus
1106 1225 1138 1262 an
1152 1224 1242 1264 reco—
1344 1258 1347 1263 .

138 1304 313 1388 gnoscendo
329 1301 528 1363 Demosthene
543 1319 616 1360 usus
630 1309 689 1358 est:
712 1299 907 1379 exquibus
888 1323 988 1362 omnes
1000 1306 1167 1383 scripturae
1186 1326 1243 1367 va-

138 1407 286 1468 rietates
277 1427 309 1465 ιιι
323 1405 484 1482 marginem
496 1403 584 1462 uarius
600 1403 728 1479 exempli
736 1402 1093 1480 Hervagianifideliasime
1108 1417 1244 1467 transtu-
1343 1486 1345 1491 s

137 1511 232 1583 terat,
253 1507 439 1586 idemqueet
450 1504 481 1563 in
497 1504 599 1563 multis
613 1504 678 1562 aliia
694 1504 795 1580 libris,
817 1514 1004 1583 antequame
1028 1507 1091 1566 sits
1113 1507 1244 1569 decede-

137 1620 205 1683 ret,
226 1609 354 1698 lecerat,
383 1615 413 1665 et
426 1606 459 1669 in
473 1601 760 1686 pluribus'sacturus
775 1615 854 1681 eret,
882 1608 909 1664 ai
927 1607 989 1666 vita
1010 1610 1239 1687 suppeditasset.

140 1712 245 1784 Quare
255 1710 389 1768 omniurn
402 1708 551 1767 bonorum
562 1709 666 1767 lavore
679 1707 786 1784 dignus
798 1718 877 1784 erat,
901 1708 953 1787 qui
966 1719 1082 1768 tantum
1098 1712 1240 1788 stadim,

139 1824 318 1892 tantamque
331 1811 511 1870 industn‘am
526 1811 566 1869 ad
581 1819 716 1869 vetustos
730 1808 850 1869 codices
866 1811 950 1890 quasi
970 1830 986 1870 e
1004 1811 1065 1870 situ
1081 1813 1241 1890 eruendos,

141 1925 176 1977 et
191 1937 230 1976 ex
245 1919 349 1974 eorum
363 1913 543 1971 auctoritate
555 1911 696 1987 vulgatos
708 1911 909 1970 restituendos
922 1913 1106 1973 conterebat.
1227 1960 1230 1967 .

206 2017 297 2090 Quod
312 2016 351 2075 ad
369 2013 574 2074 Demosthenis
592 2013 703 2073 'laudes
726 2014 847 2086 attinet,
874 2013 1019 2073 ridiculam
1042 2015 1115 2077 sane
1134 2039 1239 2094 ιιιιιιι,

139 2105 214 2180 siin
224 2127 309 2178 tanto
326 2098 446 2175 'oratore
461 2114 610 2174 laudando
629 2115 749 2173 inanem
770 2130 894 2193 operam
913 2114 965 2175 hic
985 2134 1102 2179 sumere
1121 2121 1240 2181 vellem.

104 2242 109 2247 ·
138 2221 239 2280 Satius
254 2219 334 2279 enim
347 2227 392 2277 est
406 2217 444 2276 de
459 2237 495 2276 eo
505 2225 622 2292 tacere,
644 2235 735 2295 quam
745 2235 845 2296 panca
857 2217 974 2276 dicare:
991 2219 1128 2283 eiusdem
1141 2233 1241 2283 ιιιιιιιι
1343 2291 1351 2301 ,

139 2324 257 2402 aliquot
277 2319 373 2398 elogia
392 2338 430 2378 ex
448 2319 602 2378 veteribus
624 2329 735 2393 sumta,
756 2320 789 2378 in
811 2319 920 2398 qtaibus
945 2319 1121 2398 colligendis
1153 2324 1241 2383 nobis

139 2444 264 2506 operam
277 2421 451 2482 navavitD.
469 2420 647 2496 Lambinus,
669 2421 859 2481 subiecimus.
1199 2460 1201 2465 ι

204 2525 292 2599 Vale,
316 2524 413 2584 lector
428 2523 645 2601 benevols,et
660 2544 685 2582 ss
677 2524 773 2603 quid
786 2522 862 2584 bene
877 2523 916 2585 da
934 2527 995 2586 tuis
1016 2492 1124 2588 studiis
1136 2548 1241 2591 ιιιιιι-

137 2650 223 2705 ιιιιιι·,
244 2628 377 2687 vicissim
391 2624 469 2685 fave.
891 2658 893 2663 ·

204 2730 272 2791 Hoc
286 2739 403 2803 autem,
430 2729 528 2787 lector
549 2727 682 2803 erudite,
710 2707 916 2788 admonendus
942 2749 989 2803 es,
1011 2750 1080 2791 cum
1099 2730 1241 2792 Morelius
1279 2771 1282 2775 ·

140 2843 231 2907 octo,
250 2840 288 2889 nt
301 2829 380 2903 dixi,
403 2829 557 2888 codicibus
575 2828 606 2887 in
624 2831 867 2904 recognoscendo
880 2831 1077 2899 Demosthene
1098 2850 1171 2888 usus
1192 2834 1241 2907 sit,
1348 2876 1357 2893 .

139 2931 299 2996 soslitsria
307 2931 418 3008 graecis
430 2931 463 2989 in
476 2930 608 3006 margine
616 2928 707 2986 huius
717 2929 854 2987 editionis
863 2928 1129 3005 significarizverbi
1138 2930 1242 3004 gratia,

140 3055 220 3097 unus
227 3031 411 3112 significatur
418 3033 507 3093 litera
514 3056 542 3107 a,
553 3031 628 3090 alius
635 3031 720 3089 litera
727 3033 755 3109 β,
765 3030 932 3090 aliusliters
941 3028 1058 3111 y,'etaic
1065 3029 1241 3108 dereliquis.
1252 3104 1256 3109 ι

140 3139 301 3195 Caeterum
315 3143 404 3194 notae
419 3134 595 3212 marginales
614 3132 799 3211 respondent
820 3134 914 3208 notis,
937 3150 1014 3211 quae
1031 3130 1147 3190 suntin
1168 3150 1242 3191 con·

139 3247 236 3298 textu.
258 3234 366 3310 Voces,
374 3255 450 3314 quae
459 3235 657 3294 includuntur
671 3232 843 3293 huiusmodi
853 3227 1006 3307 obelisco,
1024 3243 1054 3292 et
1069 3230 1242 3292 huiusmodi

139 3349 215 3400 nota
230 3334 409 3417 apostrophi
417 3339 435 3411 ’,
449 3322 658 3397 desiderantur
670 3337 701 3395 in
713 3335 797 3396 libris
807 3354 860 3394 sua
872 3333 1146 3410 literasignifioatis.
1170 3335 1243 3393 Hu-

139 3439 270 3500 iusmodi
288 3422 389 3498 autem
406 3440 587 3497 asteriscus*
600 3438 728 3512 indicat,
749 3458 856 3496 vocem
867 3438 919 3496 vel
930 3457 1020 3495 voces
1040 3435 1156 3496 additas
1177 3456 1243 3497 esse

139 3549 177 3603 in
186 3541 326 3619 margine,
338 3558 415 3617 quae
429 3540 537 3600 absunt
544 3541 581 3599 ab
590 3540 654 3600 aliis
668 3539 823 3599 codicibus
836 3559 896 3598 non
905 3537 1086 3622 significatis.
1108 3539 1241 3610 Numeri,

140 3643 195 3723 qui
209 3650 278 3701 sunt
292 3641 332 3701 ad
345 3641 507 3718 marginem
522 3642 820 3718 commentariorum,
841 3640 1025 3721 respondent
1044 3639 1175 3698 numeris
1193 3638 1243 3695 in-

139 3744 277 3817 dicibus,
300 3744 354 3822 qui
370 3752 441 3803 aunt
455 3742 495 3802 ad
507 3744 669 3822 marginem
685 3753 853 3805 contextus.
872 3745 982 3809 Multus
996 3742 1165 3822 scripturae
1180 3756 1243 3795 va-

138 3848 263 3907 rietates
285 3855 314 3905 et
333 3845 609 3922 dissimilitudines,
635 3856 756 3928 praeter
777 3869 844 3921 eas,
868 3853 1033 3925 quaesunt
1055 3843 1087 3902 in
1110 3840 1244 3916 margine

138 3947 231 4022 libri,
266 3957 297 4007 et
318 3947 399 4008 calco
417 3949 590 4029 posuimus,
613 3959 725 4012 etcum
749 3951 808 4024 eis,
839 3949 868 4008 ai‘
884 3964 942 4026 qna
964 3954 1062 4006 errata
1083 3960 1242 4021 operarum

136 4042 311 4110 humanitus
324 4050 451 4110 admissa
466 4061 545 4129 sunt,
562 4072 666 4113 eorum
684 4051 903 4115 emendationes
920 4045 1138 4109 conimndtuus.
1182 4045 1245 4105 lte·

136 4171 209 4213 rum
222 4151 291 4211 vale
311 4164 340 4215 ιι
352 4172 408 4212 noa
422 4171 497 4214 ama

596 4282 802 4302 ·-···-····
1160 4292 1167 4304 =
1239 4282 1249 4319 ι
