2768 4724
135 219 178 280 ιι
419 214 436 249 ·-
460 260 465 269 .
488 208 916 284 uuaussuuouus
967 202 969 207 ’
1086 189 1090 198 ’

134 368 360 462 stmmueudis,
380 391 435 444 aut
446 381 554 444 saltem
566 382 744 458 indicandis,
766 383 841 462 quid
858 384 923 444 ism
937 383 1231 465 olim-praestiterim,

136 483 237 546 doctis
254 505 317 546 nou
329 496 377 548 est
388 485 543 565 ignotum.
554 494 595 546 et
608 495 708 545 umen
725 485 875 545 eiusmodi
886 486 922 546 id
936 487 1005 564 luit,
1025 494 1072 545 ut
1069 485 1234 565 prolaude

136 586 315 665 ingeniine
329 589 519 683 diligentias
536 586 723 648 temeritatis
731 586 766 647 ia
791 587 954 650 diviuasulo
984 602 1020 653 et
1043 593 1235 687 compostus

138 688 262 749 esbaen‘
264 687 341 752 mibi
353 713 372 752 a
383 672 546 763 nonnullis,
566 687 851 766 improbiouibusue,
874 711 912 751 an
923 691 1113 755 stultiouibus
1125 693 1234 769 dicam,

138 791 251 867 nescio,
272 791 496 874 impingeretur.
539 789 628 848 Nunc
648 808 724 854 vero
740 810 786 850 xv
808 777 973 854 codicum
963 804 1090 857 mterse
1112 797 1235 856 collatio

138 891 180 953 id'
192 913 314 976 quoque
339 896 450 957 crimen
468 891 572 967 diluit,
600 891 781 953 coniecturis
814 896 888 955 meis
908 893 1061 976 plerisque
1083 894 1235 978 sciipturs

138 994 244 1057 vaisse
264 993 483 1078 comprobatis,
506 1004 538 1055 et
558 995 607 1072 iis,
625 1014 707 1076 quas
727 996 791 1057 sive
811 994 1005 1058 librariorum
1016 999 1133 1058 inomis
1146 1017 1237 1078 prse-

139 1099 296 1177 tumissa,
317 1100 381 1158 sive
393 1097 542 1158 codicum
550 1098 740 1158 mutilatione
757 1097 871 1176 deletu,
898 1099 1011 1159 nullius
1027 1099 1146 1177 ingenio
1165 1098 1238 1158 eddi

29 1234 34 1241 ·
139 1209 292 1291 poterant,
312 1200 481 1280 completis.
524 1199 562 1259 Et
585 1190 684 1260 tamen
706 1200 761 1259 illi
775 1219 897 1279 quoque
913 1208 961 1291 tot
981 1209 1103 1287 tamqug
1125 1201 1238 1261 vetusti

131 1298 260 1375 ‚codices
286 1302 439 1362 nonnullis
459 1301 536 1362 locis
554 1291 662 1381 permis
683 1301 789 1365 ottxilii
809 1302 960 1363 tulerunt:
982 1320 1060 1381 ques
1075 1302 1145 1362 loca
1163 1301 1238 1363 mibi
1270 1378 1273 1385 1

140 1402 392 1484 pleraque'plsna
407 1415 438 1466 ct
450 1415 557 1483 aperte
567 1402 641 1463 fecit
653 1424 754 1464 meum
766 1403 920 1482 quoddam
934 1402 1126 1464 divinationis
1134 1422 1237 1482 genus.

142 1501 235 1576 Quod
259 1505 436 1566 cuiusmodi
450 1505 498 1581 sit,
521 1505 686 1583 quaeritis?
708 1505 812 1583 Neque
830 1502 969 1583 Delphici
988 1505 1121 1586 bipedis
1131 1507 1237 1583 simile,
1270 1504 1272 1509 ’

139 1606 241 1682 nsipue
256 1609 461 1689 auspiciorum
477 1615 508 1666 et
520 1600 721 1685 auguriorum,
742 1624 841 1685 neque
864 1606 992 1666 aliarum
1011 1607 1076 1668 sive
1091 1609 1240 1688 supersti-

142 1705 359 1787 tionum„sive
381 1709 624 1769 observationum
648 1717 794 1781 veterum,
815 1706 870 1766 sed
892 1707 1021 1787 simplet
1042 1718 1073 1770 et
1091 1707 1237 1785 naturale,

143 1797 403 1871 ethemini'docto
417 1819 447 1870 et
458 1810 557 1888 sagoci
570 1807 688 1886 ingenio
699 1806 837 1887 praedito
848 1819 999 1887 negatum.
1044 1809 1136 1882 Quod
1146 1810 1241 1887 igitur

141 1906 222 1971 illud
239 1913 305 1973 estl
327 1907 408 1973 lintis
423 1911 633 1990 grammaticae
644 1909 774 1986 cognitio
792 1920 944 1986 accurata,
964 1908 1240 1989 multa'etdiligeus

31 2034 39 2047 =
145 2011 329 2091 optimorum
350 2015 531 2094 scriptorum
552 2012 653 2087 lectio,
677 2031 805 2090 quorum
824 2012 876 2071 alii
897 2013 971 2075 alios
988 2011 1156 2088 declarant,
1178 2012 1241 2072 stili

35 2148 38 2153 ,
145 2113 260 2175 autoris
280 2117 469 2194 observatio,
498 2111 613 2176 animus
634 2114 667 2174 in
689 2113 850 2174 sententias
878 2134 939 2199 pon
960 2111 1076 2190 minus,
1106 2134 1143 2174 ac
1157 2134 1241 2196 pene
1279 2118 1281 2123 ’
1308 2127 1314 2141 ·

144 2215 348 2294 magisetiam,
371 2238 459 2300 quam
479 2217 511 2277 in
528 2218 631 2291 verbu,
651 2217 800 2291 intentus,
823 2234 938 2291 eorum,
960 2233 1037 2295 quse
1060 2217 1243 2278 muteceduut
1301 2300 1304 2305 Ι

145 2324 180 2377 et
197 2331 372 2398 sequuntur,
393 2320 524 2379 interese
546 2318 747 2398 comparatio,
769 2339 803 2378 ea
823 2317 952 2396 denique
969 2316 1133 2398 persuasio,
1156 2319 1244 2399 quio-

148 2421 225 2497 quid
238 2422 289 2481 vel
301 2423 333 2482 in
349 2421 450 2482 verbis
473 2421 627 2494 ubsonmn,
649 2420 701 2480 vel
717 2421 748 2480 in
769 2419 862 2509 sensis
879 2418 1020 2497 frigidum
1039 2424 1189 2501 appareat,
1210 2419 1245 2478 id
1285 2456 1288 2460 ›

147 2532 211 2580 non
225 2518 333 2583 uviris¹
341 2514 581 2600 diligentissimis,
603 2522 849 2600 prudentissimis,
864 2522 1064 2582 disertissimis
1086 2521 1243 2600 scriptum,
1285 2521 1289 2527 ’
1340 2560 1344 2567 -

148 2619 236 2680 seda
260 2611 487 2701 negligentibus,
508 2624 665 2721 imperitis,
686 2624 849 2687 temerariis
869 2622 1082 2684 librariis'esse
1096 2622 1244 2700 deprava·
1306 2644 1308 2649 ¹

147 2729 226 2781 tum.
269 2724 372 2786 Habeo
385 2725 473 2785 etium
486 2725 585 2785 animo
598 2732 663 2784 m'eo
677 2728 866 2805 consignatus
887 2734 973 2788 notas
987 2724 1142 2803 quosdam,
1164 2732 1194 2782 ct
1206 2743 1245 2783 ex

152 2823 410 2887 animadversione
429 2824 532 2900 vesias
556 2827 726 2908 scripturae
745 2827 831 2909 quasi
848 2827 974 2906 vestigia
992 2826 1145 2905 impressu,
1167 2844 1247 2903 quae
1344 2823 1348 2838 '

150 2923 220 2985 illos
233 2927 266 2986 in
276 2943 412 2991 'erromm
430 2929 551 2990 duxisse
563 2928 733 2989 videantur.
776 2929 844 3004 Qua
870 2930 953 2991 dere
969 2927 1040 2988 alibi
1054 2927 1101 3002 egi
1112 2925 1245 2985 ubesius.

16 3030 21 3042 “
151 3024 240 3085 Nunc
252 3026 290 3087 ud
303 3032 523 3111 manuscriptos
537 3031 656 3095 codices
676 3031 780 3092 redeo:
801 3032 880 3089 inter
893 3049 969 3108 quos
983 3029 1018 3101 is,
1040 3045 1130 3104 quem
1144 3035 1247 3085 vestra

151 3125 340 3189 Bibliotheca
355 3131 571 3213 suppeditavit,
593 3132 824 3212 antiquissimus,
846 3137 877 3188 et
892 3129 924 3188 in
943 3127 1248 3207 plexisque-optimae
1270 3179 1273 3184 .
1292 3121 1295 3127 ’

151 3226 232 3305 fidei,
252 3228 468 3308 sicexcelluit',
495 3241 530 3294 ut
553 3234 752 3314 ptiocipatum
773 3231 831 3292 sibi
854 3230 963 3290 meiito
982 3228 1132 3289 vendicet.
1176 3229 1246 3302 Quo
1291 3228 1294 3232 ’

151 3330 251 3392 minus
271 3343 371 3395 sutem
389 3353 462 3393 mus
480 3333 535 3396 illo
556 3335 616 3394 iam
635 3334 752 3414 pridem
763 3331 890 3406 -fuerim,
911 3330 1045 3390 minutae
1060 3340 1091 3391 et
1111 3332 1248 3392 exoletae

153 3425 268 3509 literae,
290 3453 374 3514 quas,
395 3456 453 3498 nec
474 3435 605 3517 speculis
624 3434 777 3510 adhibitis,
798 3432 969 3513 perspicere
989 3431 1086 3512 potui,
1117 3432 1249 3492 obstite-

151 3542 234 3593 runt.
276 3536 408 3598 Tandem
431 3536 604 3603 inmsutem
613 3536 696 3596 venit
709 3535 748 3595 bl
770 3534 898 3593 Simonis
913 3533 1051 3609 Fabricii,
1071 3533 1132 3593 mei
1153 3533 1250 3594 oolls·

102 3672 108 3684 -
148 3652 217 3711 gae,
238 3637 299 3698 vin·
317 3637 490 3713 doctissimi,
511 3645 547 3711 ct·
559 3635 738 3696 iis-Graecis
761 3636 857 3698 litsn's
879 3634 1126 3710 sxmcitstissimi,
1147 3653 1247 3713 quem,

153 3736 222 3794 cum
242 3737 308 3801 acie
328 3740 485 3799 oculorum
503 3756 572 3805 3non
588 3736 704 3811 minus,
732 3758 823 3817 quum
853 3737 963 3818 ingenii
981 3737 1116 3797 acumine
1132 3733 1250 3815 pollere

14 3868 17 3873 ·
147 3839 270 3916 scirem,
291 3841 408 3921 rogavi,
430 3848 464 3899 ut
481 3838 650 3918 periculum
672 3838 794 3916 luceret,
815 3837 979 3920 numquid
999 3859 1039 3899 ex
1055 3837 1109 3896 illo
1128 3835 1250 3895 fructus

154 3958 261 4018 cupere
271 3935 453 4023 possemus?
473 3939 509 3998 In
524 3959 586 4018 quo
606 3940 668 4015 ille,
686 3962 745 4020 pro
768 3952 873 4003 nostre
890 3936 1119 4008 necessitudine,
1141 3936 1251 3996 alacri-
1294 3976 1298 3985 ·

64 4078 83 4098 -.
152 4049 200 4100 ter
221 4062 334 4104 morem
355 4039 430 4100 milti
455 4041 562 4119 gessit,
591 4052 793 4122 susceptoque
813 4043 950 4120 negotio,
972 4043 1088 4100 mutum
1108 4021 1251 4099 volumen
1337 4046 1340 4051 '

147 4130 304 4202 'celeritste
318 4138 448 4201 mirabili
470 4141 607 4222 perlegit,
630 4155 660 4205 et
673 4145 815 4223 singulari
832 4142 994 4221 sagacitate
1006 4160 1108 4201 omues
1119 4140 1251 4201 verieta-

79 4306 82 4311 ,
153 4250 198 4302 tes
217 4239 435 4357 depapbeudit,
456 4243 592 4322 netseit,
614 4245 782 4328 excerpsit,
804 4242 1018 4324 marginibus
1009 4263 1148 4325 impressi
1139 4238 1246 4304 cudi·
1333 4296 1336 4301 .
