2768 4724
80 252 87 275 ,
183 190 241 262 ss
527 184 948 256 assertatores
965 208 974 233 s

198 378 229 428 et
246 365 381 426 bonitate
411 362 520 424 attide
547 365 658 444 optimo
677 361 892 442 respondeant,
922 363 1061 442 equidem
1094 368 1204 428 neseio.
1254 370 1293 427 Ut

199 471 277 531 enim
299 465 444 540 notionis,
473 465 520 525 sio
545 468 635 527 etism
664 467 784 541 linguae
813 464 959 544 cuiusque
985 464 1148 548 pacidiaris
1182 467 1292 528 alieubi

109 654 112 658 Ι
195 590 323 655 prorsus
344 577 392 631 est
409 567 597 661 inimitabilis
615 571 733 645 gessius,
755 565 866 625 divorsi
885 586 994 641 mores,
1018 568 1292 630 diverssinstituts

153 741 166 767 ·
198 683 229 735 et
251 693 340 754 saepe
361 663 523 748 contraris,
542 666 618 749 qais
636 686 760 727 neceas
769 677 816 727 est
831 668 922 728 stiam
934 681 989 727 suo
1003 671 1134 748 quodam
1146 672 1292 732 orationis

196 793 302 853 genere
315 773 470 853 explicari,
483 768 904 851 ·quaosuis·ve1bisiuouude,
927 769 1030 830 alienis
1042 773 1166 833 moleste
1180 774 1290 832 dieun-

195 885 258 938 tur.
302 875 393 951 Quod
410 875 435 933 si
455 892 513 953 pro
534 870 640 931 iisdem
657 870 765 929 similia
786 871 862 930 velis
879 873 1224 948 substituers,=msxima
1243 885 1292 934 ts-

194 998 264 1040 man
278 978 345 1038 -erit
367 973 557 1036 nibilominus
580 971 613 1029 in
629 988 668 1030 'ea
692 971 887 1032 similitudine
905 973 1137 1034 dissimilitudo.'
1176 976 1238 1036 Sed
1254 988 1291 1039 ut

192 1079 256 1142 hoo
283 1075 432 1137 Ciceronis
458 1073 609 1133 divinitati
638 1072 749 1151 ingenii
779 1085 809 1134 ot
834 1075 958 1135 meritas
989 1077 1143 1136 autoritati
1162 1077 1291 1140 sortasse
1328 1142 1330 1146 ,

183 1198 369 1244 -eonoessum
389 1176 456 1251 suit,
479 1185 569 1254 atque
588 1177 655 1235 aliis
678 1177 810 1235 eiusdem
827 1179 940 1250 aotsu's,
962 1179 1311 1254 quaetg1·aecaetla-·
1379 1195 1380 1199 ’

189 1285 258 1344 tine
270 1283 368 1357 lingua
381 1278 557 1352 floruerant,
579 1277 842 1357 praestantissimis
854 1278 928 1339 viris
936 1318 947 1352 ,
967 1278 1009 1336 ita
1021 1279 1118 1353 nobis,
1143 1279 1194 1356 qui
1208 1280 1291 1339 utri-
1322 1308 1325 1323 ·

192 1403 289 1461 nsque
309 1381 471 1455 fragmenta
494 1377 527 1436 iu
548 1380 669 1458 scriptis
688 1377 831 1438 babemus
851 1380 978 1458 reliqua,
1001 1379 1053 1458 qui
1072 1379 1185 1456 magnis
1208 1380 1289 1440 diffi-
1359 1368 1362 1375 ¹

191 1482 356 1543 saltatibus
377 1479 594 1567 conflictamur,
616 1480 692 1539 illud
715 1482 804 1555 satis,
827 1484 944 1561 opinor,
967 1501 1031 1541 esso
1052 1482 1151 1558 debet,
1172 1482 1198 1540 si
1220 1502 1287 1542 sen·

190 1585 299 1645 tentius
326 1582 407 1641 bona
433 1579 508 1670 fide,
539 1580 703 1660 eodemque
732 1582 838 1643 ordine
867 1582 1115 1663 appenderimus,
1145 1594 1175 1644 ot
1195 1604 1288 1663 genus

191 1686 336 1749 orationis
364 1683 453 1742 facile
476 1691 506 1743 et
526 1683 672 1743 mundum
693 1683 932 1745 adhibuerimus:
958 1685 993 1744 in
1010 1705 1138 1763 quorum
1151 1696 1288 1767 utroque

190 1810 252 1851 non
266 1805 361 1868 parva
375 1793 457 1843 corte
469 1780 520 1843 'est
534 1782 705 1843 difficultas.
749 1786 809 1846 Sed
824 1786 856 1845 in
869 1787 1048 1866 eloquendo,
1070 1807 1158 1865 quam
1177 1788 1287 1849 intelli-

188 1891 298 1971 gendo,
319 1889 407 1965 longo
420 1885 525 1944 rnaior.
575 1886 676 1958 Quare
691 1888 791 1947 valere
809 1907 860 1947 eos
872 1888 972 1963 iubeo,
997 1885 1076 1967 (nam
1097 1888 1135 1946 ob
1149 1888 1287 1966 paucita-

187 2001 250 2052 tem
273 1998 303 2050 et
322 1989 469 2066 ignaviam
485 1988 584 2048 minor
606 2007 710 2047 eorum
729 1988 818 2051 debet
829 2009 894 2050 esse
912 1986 1080 2069 autoritas)
1096 1990 1148 2068 qui
1164 2012 1180 2049 a
1196 2011 1285 2069 gras-
1323 1980 1327 1991 ’

85 2158 89 2167 ,
189 2112 292 2155 carum
312 2090 466 2150 literarum
477 2088 694 2171 interpretibus
712 2088 825 2169 ubique
842 2090 1034 2170 splendorem
1046 2090 1284 2170 Ciceronianam,

186 2193 247 2255 hoo
275 2201 339 2265 est,
374 2210 483 2269 aquam
505 2211 523 2251 e
549 2184 687 2271 pumice,
723 2202 840 2272 petunt.
892 2193 985 2267 Quasi
996 2213 1077 2253 -vero
1100 2194 1203 2253 eadem
1224 2196 1285 2256 sint

187 2306 324 2376 tempora
348 2301 468 2368 nostra,
491 2312 568 2371 quse
582 2287 740 2360 'Ciceronis
747 2336 756 2369 ,
782 2305 811 2355 et
831 2316 893 2356 non
909 2295 986 2354 illud
1006 2315 1125 2375 quoque
1146 2295 1184 2354 sit
1204 2316 1285 2376 ops-

184 2418 238 2459 ree
265 2395 411 2476 pretium,
450 2392 594 2463 adiurare
632 2392 769 2455 homines
798 2397 965 2472 studiosos,
999 2406 1036 2454 ut
1064 2397 1194 2476 primum
1225 2418 1284 2477 per

184 2500 402 2578 interpretem,
429 2504 584 2573 utcunque
604 2498 695 2556 latine
714 2495 940 2573 balbutientem,
957 2497 1082 2556 audiant
1101 2496 1284 2558 Demosthe-
1374 2526 1378 2535 ·

51 2582 54 2587 ¹
126 2634 128 2638 ·
184 2620 270 2662 nem:
307 2608 338 2658 et
366 2606 431 2655 tum
449 2598 481 2656 in
504 2598 606 2658 littore
635 2599 838 2673 balbutiebst,
867 2608 1025 2676 antequem
1040 2589 1102 2677 »rins
1123 2595 1295 2680 plouo'ad.

181 2716 204 2784 'p
223 2697 496 2784 ρερητορευμένον,
518 2699 629 2779 lapillis
654 2702 773 2778 hugues
792 2698 953 2774 subiectis:
986 2710 1058 2777 post
1080 2703 1168 2760 etiam
1190 2722 1282 2782 exps-

185 2802 248 2861 dite
276 2809 305 2860 et
323 2819 430 2876 magna
448 2800 481 2859 vi
493 2801 526 2860 in
541 2802 707 2880 frequentia
720 2798 827 2881 populi
840 2797 1033 2858 Atheniensis
1055 2803 1144 2863 sttioe
1157 2805 1283 2863 concio-

134 2926 137 2932 *
182 2886 301 2961 nentem
322 2902 463 2961 audituri.
502 2903 592 2976 Quod
615 2904 640 2961 si
662 2904 746 2962 nefas
767 2920 832 2960 asse
850 2911 968 2980 putant,
991 2907 1187 2965 contaminari
1202 2908 1281 2966 male
1340 2949 1342 2955 ·

183 3002 380 3063 describendo
393 3002 629 3076 Demosthenem,
649 3004 780 3081 primum
795 3001 832 3059 ab
847 3004 889 3060 eis
902 3006 1062 3081 postulabo
1075 3008 1141 3065 iure
1154 3009 1279 3086 optimo,

181 3116 220 3165 ut
234 3126 278 3179 ea,
302 3123 379 3182 quse
394 3106 629 3186 reprehendunt,
650 3103 708 3182 ipsi
733 3102 858 3160 meliora
878 3105 1003 3163 faciant:
1027 3107 1142 3167 deinde¹
1155 3109 1278 3184 rogabo,

182 3228 239 3267 cur
260 3206 292 3263 in
310 3205 446 3266 omnibus
468 3207 579 3265 scholis
602 3205 665 3263 eius
684 3204 844 3263 sententias
864 3205 956 3264 latine
969 3209 1113 3286 explicari
1125 3210 1279 3287 patiantur
1312 3186 1316 3194 ¹

183 3327 278 3387 aequo
302 3307 409 3367 snimo.
452 3306 588 3381 Quodsi
611 3305 686 3363 utile
700 3325 764 3364 esse
780 3305 959 3382 concedunt,
982 3305 1072 3388 (sicut
1086 3309 1279 3369 utilissimum

181 3431 246 3471 esse
262 3410 336 3468 adeo
350 3428 458 3488 negare
476 3426 537 3465 non
549 3413 686 3484 possunt,
709 3415 744 3463 ut
766 3407 850 3466 nulla
862 3408 977 3468 ratione
995 3411 1054 3469 slis
1068 3409 1128 3468 hoc
1140 3421 1276 3488 tempore

179 3510 282 3571 doceri
305 3530 428 3588 graesae
450 3508 553 3564 literae
567 3505 684 3583 possint
706 3507 915 3588 commodius,)
938 3530 1015 3588 quse
1030 3512 1145 3570 invidia
1167 3523 1222 3586 est,
1251 3511 1286 3571 si,

175 3615 246 3693 quis
269 3612 401 3671 eiusdem
418 3605 532 3665 satoris
559 3609 785 3669 conversionem
808 3611 841 3668 in
863 3611 1018 3688 publicum
1041 3612 1179 3687 ediderit,
1207 3628 1276 3670 eum

177 3713 373 3795 proscindere
391 3718 422 3769 et
445 3708 642 3768 calumniaril
666 3711 853 3790 Quanquam,
869 3716 1104 3772 contaminatum
1119 3734 1197 3772 ame
1209 3732 1275 3772 esse

89 3832 98 3845 ·’
175 3811 419 3887 Demosthenem,
449 3828 557 3886 negare
588 3820 617 3868 st
645 3831 735 3888 posse
763 3824 793 3871 at
813 3813 923 3874 debere
945 3814 1061 3874 videor.
1110 3799 1175 3873 Etsi
1194 3815 1275 3874 eninr

175 3916 387 3979 Ciceronianae
417 3911 594 3970 imitationis
621 3915 809 3991 praeclaram
836 3915 957 3974 laudem
978 3935 1034 3973 nee
1059 3913 1134 3973 mihi
1154 3935 1272 3993 arrogo,

173 4015 247 4099 (non
267 4016 353 4087 etrim,
375 4020 411 4071 ut
429 4014 480 4072 ille
494 4015 542 4090 ait,
567 4015 662 4074 cuivis
682 4013 797 4075 homini
813 4017 960 4093 contingit
974 4017 1056 4076 adire
1071 4014 1273 4098 Corinthun)

103 4130 106 4139 ’
171 4137 271 4198 neque
284 4115 430 4192 suiqusm
450 4117 590 4177 invideo:
612 4118 681 4176 illos
700 4119 783 4195 ipsos
796 4126 905 4194 tamea,
928 4121 1037 4198 quibus
1053 4120 1148 4180 maior
1160 4119 1273 4196 ingenii

169 4219 217 4282 vis
233 4227 265 4279 st
278 4216 400 4279 fortun
413 4220 551 4299 contigit,
571 4238 681 4300 parum
697 4220 824 4281 aaudids
838 4222 938 4282 lacere
950 4213 1038 4301 puto,
1060 4221 1168 4284 addam
1184 4220 1275 4281 etiem
