<?xml version="1.0" encoding="UTF-8"?>
<!DOCTYPE html PUBLIC "-//W3C//DTD XHTML 1.0 Transitional//EN"
    "http://www.w3.org/TR/xhtml1/DTD/xhtml1-transitional.dtd">
<html xmlns="http://www.w3.org/1999/xhtml" xml:lang="en" lang="en">
 <head>
  <title>
</title>
<meta http-equiv="Content-Type" content="text/html;charset=utf-8" />
  <meta name='ocr-system' content='tesseract 3.04.00' />
  <meta name='ocr-capabilities' content='ocr_page ocr_carea ocr_par ocr_line ocrx_word'/>
</head>
<body>
  <div class='ocr_page' id='page_1' title='image "./demosthenisquae07schgoog_0024.png"; bbox 0 0 2768 4724; ppageno 0'>
   <div class='ocr_carea' id='block_1_1' title="bbox 411 226 1209 357">
    <p class='ocr_par' dir='ltr' id='par_1_1' title="bbox 411 226 1209 357">
     <span class='ocr_line' id='line_1_1' title="bbox 411 226 1209 357; baseline 0.013 -64"><span class='ocrx_word' id='word_1_1' title='bbox 411 226 479 307; x_wconf 72' lang='grc' dir='ltr'><strong>ΔΙ)</strong></span> <span class='ocrx_word' id='word_1_2' title='bbox 506 226 927 357; x_wconf 66' lang='lat' dir='ltr'><strong>DEhIOSTHENhJM.</strong></span> <span class='ocrx_word' id='word_1_3' title='bbox 1008 236 1014 246; x_wconf 75' lang='grc'><em>’</em></span> <span class='ocrx_word' id='word_1_4' title='bbox 1170 244 1209 303; x_wconf 76' lang='grc' dir='ltr'><strong>ιιι</strong></span> 
     </span>
    </p>
   </div>
   <div class='ocr_carea' id='block_1_2' title="bbox 109 395 1235 693">
    <p class='ocr_par' dir='ltr' id='par_1_2' title="bbox 109 395 1235 693">
     <span class='ocr_line' id='line_1_2' title="bbox 109 395 1235 482; baseline 0.002 -18"><span class='ocrx_word' id='word_1_5' title='bbox 109 403 190 480; x_wconf 87' lang='lat' dir='ltr'><strong>dem,</strong></span> <span class='ocrx_word' id='word_1_6' title='bbox 213 401 268 461; x_wconf 85' lang='lat' dir='ltr'><strong>sed</strong></span> <span class='ocrx_word' id='word_1_7' title='bbox 288 400 326 459; x_wconf 85' lang='lat' dir='ltr'><strong>ad</strong></span> <span class='ocrx_word' id='word_1_8' title='bbox 340 399 481 459; x_wconf 76' lang='lat' dir='ltr'><strong>civilium</strong></span> <span class='ocrx_word' id='word_1_9' title='bbox 498 399 654 459; x_wconf 87' lang='lat' dir='ltr'><strong>hominum</strong></span> <span class='ocrx_word' id='word_1_10' title='bbox 669 411 791 482; x_wconf 81' lang='lat' dir='ltr'><strong>captum</strong></span> <span class='ocrx_word' id='word_1_11' title='bbox 805 403 1046 481; x_wconf 76' lang='lat' dir='ltr'><strong>accorrrmodatis,</strong></span> <span class='ocrx_word' id='word_1_12' title='bbox 1068 403 1204 466; x_wconf 84' lang='lat' dir='ltr'><strong>docendo</strong></span> <span class='ocrx_word' id='word_1_13' title='bbox 1232 395 1235 404; x_wconf 45' lang='lat'><strong>¹</strong></span> 
     </span>
     <span class='ocr_line' id='line_1_3' title="bbox 109 501 1206 580; baseline 0.003 -14"><span class='ocrx_word' id='word_1_14' title='bbox 109 506 143 566; x_wconf 92' lang='lat' dir='ltr'><strong>in</strong></span> <span class='ocrx_word' id='word_1_15' title='bbox 160 504 259 564; x_wconf 70' lang='lat' dir='ltr'><strong>tarbua</strong></span> <span class='ocrx_word' id='word_1_16' title='bbox 280 521 438 564; x_wconf 85' lang='lat' dir='ltr'><strong>causarum</strong></span> <span class='ocrx_word' id='word_1_17' title='bbox 461 502 618 580; x_wconf 70' lang='lat' dir='ltr'><strong>putoribus</strong></span> <span class='ocrx_word' id='word_1_18' title='bbox 638 501 797 562; x_wconf 83' lang='lat' dir='ltr'><strong>veritatem</strong></span> <span class='ocrx_word' id='word_1_19' title='bbox 815 505 996 566; x_wconf 83' lang='lat' dir='ltr'><strong>nuniseatnt:</strong></span> <span class='ocrx_word' id='word_1_20' title='bbox 1019 528 1056 566; x_wconf 88' lang='lat' dir='ltr'><strong>ne</strong></span> <span class='ocrx_word' id='word_1_21' title='bbox 1075 508 1148 569; x_wconf 87' lang='lat' dir='ltr'><strong>item</strong></span> <span class='ocrx_word' id='word_1_22' title='bbox 1167 508 1206 569; x_wconf 72' lang='lat' dir='ltr'><strong>a‘d</strong></span> 
     </span>
     <span class='ocr_line' id='line_1_4' title="bbox 110 602 1204 693; baseline 0.003 -27"><span class='ocrx_word' id='word_1_23' title='bbox 110 605 288 666; x_wconf 82' lang='lat' dir='ltr'><strong>discendum</strong></span> <span class='ocrx_word' id='word_1_24' title='bbox 302 624 406 683; x_wconf 77' lang='lat' dir='ltr'><strong>segnes</strong></span> <span class='ocrx_word' id='word_1_25' title='bbox 418 624 482 664; x_wconf 85' lang='lat' dir='ltr'><strong>sess</strong></span> <span class='ocrx_word' id='word_1_26' title='bbox 497 604 656 665; x_wconf 75' lang='lat' dir='ltr'><strong>exhibeant</strong></span> <span class='ocrx_word' id='word_1_27' title='bbox 670 602 814 693; x_wconf 83' lang='lat' dir='ltr'><strong>homines,</strong></span> <span class='ocrx_word' id='word_1_28' title='bbox 838 605 1012 668; x_wconf 82' lang='lat' dir='ltr'><strong>delectando</strong></span> <span class='ocrx_word' id='word_1_29' title='bbox 1029 610 1134 684; x_wconf 86' lang='lat' dir='ltr'><strong>allicit,</strong></span> <span class='ocrx_word' id='word_1_30' title='bbox 1155 631 1204 686; x_wconf 88' lang='lat' dir='ltr'><strong>no,</strong></span> 
     </span>
    </p>
   </div>
   <div class='ocr_carea' id='block_1_3' title="bbox 109 688 1326 790">
    <p class='ocr_par' dir='ltr' id='par_1_3' title="bbox 109 688 1326 790">
     <span class='ocr_line' id='line_1_5' title="bbox 109 688 1326 790; baseline 0.003 -22"><span class='ocrx_word' id='word_1_31' title='bbox 109 708 249 790; x_wconf 78' lang='lat' dir='ltr'><strong>quassaris</strong></span> <span class='ocrx_word' id='word_1_32' title='bbox 261 724 366 766; x_wconf 83' lang='lat' dir='ltr'><strong>rerum</strong></span> <span class='ocrx_word' id='word_1_33' title='bbox 377 705 483 782; x_wconf 74' lang='lat' dir='ltr'><strong>stiunt,</strong></span> <span class='ocrx_word' id='word_1_34' title='bbox 500 707 576 767; x_wconf 83' lang='lat' dir='ltr'><strong>vitio</strong></span> <span class='ocrx_word' id='word_1_35' title='bbox 592 715 694 765; x_wconf 80' lang='grc' dir='ltr'>ιιιιιιιι</span> <span class='ocrx_word' id='word_1_36' title='bbox 712 706 869 785; x_wconf 74' lang='lat' dir='ltr'><strong>depravati</strong></span> <span class='ocrx_word' id='word_1_37' title='bbox 882 708 964 767; x_wconf 83' lang='lat' dir='ltr'><strong>aliud</strong></span> <span class='ocrx_word' id='word_1_38' title='bbox 981 712 1080 770; x_wconf 83' lang='lat' dir='ltr'><strong>facero</strong></span> <span class='ocrx_word' id='word_1_39' title='bbox 1097 713 1204 786; x_wconf 79' lang='lat' dir='ltr'><strong>reliart,</strong></span> <span class='ocrx_word' id='word_1_40' title='bbox 1271 767 1273 770; x_wconf 76' lang='grc'>,</span> <span class='ocrx_word' id='word_1_41' title='bbox 1322 688 1326 695; x_wconf 62' lang='lat'>„</span> 
     </span>
    </p>
   </div>
   <div class='ocr_carea' id='block_1_4' title="bbox 107 807 1205 894">
    <p class='ocr_par' dir='ltr' id='par_1_4' title="bbox 107 807 1205 894">
     <span class='ocr_line' id='line_1_6' title="bbox 107 807 1205 894; baseline 0.003 -22"><span class='ocrx_word' id='word_1_42' title='bbox 107 808 260 872; x_wconf 81' lang='lat' dir='ltr'><strong>movendo</strong></span> <span class='ocrx_word' id='word_1_43' title='bbox 281 807 385 883; x_wconf 81' lang='lat' dir='ltr'><strong>afficit,</strong></span> <span class='ocrx_word' id='word_1_44' title='bbox 408 816 497 889; x_wconf 82' lang='lat' dir='ltr'><strong>atqu&#39;e</strong></span> <span class='ocrx_word' id='word_1_45' title='bbox 510 809 557 868; x_wconf 86' lang='lat' dir='ltr'><strong>ita</strong></span> <span class='ocrx_word' id='word_1_46' title='bbox 577 807 615 866; x_wconf 90' lang='lat' dir='ltr'><strong>ad</strong></span> <span class='ocrx_word' id='word_1_47' title='bbox 636 807 783 886; x_wconf 79' lang='lat' dir='ltr'><strong>agendum</strong></span> <span class='ocrx_word' id='word_1_48' title='bbox 806 810 1028 887; x_wconf 88' lang='lat' dir='ltr'><strong>quodammodo</strong></span> <span class='ocrx_word' id='word_1_49' title='bbox 1044 815 1205 894; x_wconf 70' lang='lat' dir='ltr'>compellit.</span> 
     </span>
    </p>
   </div>
   <div class='ocr_carea' id='block_1_5' title="bbox 108 909 1319 994">
    <p class='ocr_par' dir='ltr' id='par_1_5' title="bbox 108 909 1319 994">
     <span class='ocr_line' id='line_1_7' title="bbox 108 909 1319 994; baseline 0.003 -22"><span class='ocrx_word' id='word_1_50' title='bbox 108 914 186 981; x_wconf 78' lang='lat' dir='ltr'><strong>Nam</strong></span> <span class='ocrx_word' id='word_1_51' title='bbox 210 910 236 970; x_wconf 90' lang='lat' dir='ltr'><strong>si</strong></span> <span class='ocrx_word' id='word_1_52' title='bbox 261 909 421 989; x_wconf 78' lang='lat' dir='ltr'><strong>quis-haec</strong></span> <span class='ocrx_word' id='word_1_53' title='bbox 440 921 584 991; x_wconf 82' lang='lat' dir='ltr'><strong>tanquam</strong></span> <span class='ocrx_word' id='word_1_54' title='bbox 601 920 753 990; x_wconf 85' lang='lat' dir='ltr'><strong>suspectas</strong></span> <span class='ocrx_word' id='word_1_55' title='bbox 774 919 853 969; x_wconf 81' lang='lat' dir='ltr'><strong>artes</strong></span> <span class='ocrx_word' id='word_1_56' title='bbox 875 921 906 970; x_wconf 87' lang='lat' dir='ltr'><strong>et</strong></span> <span class='ocrx_word' id='word_1_57' title='bbox 928 913 1074 994; x_wconf 85' lang='lat' dir='ltr'><strong>violentas</strong></span> <span class='ocrx_word' id='word_1_58' title='bbox 1090 915 1205 975; x_wconf 87' lang='lat' dir='ltr'><strong>machi—</strong></span> <span class='ocrx_word' id='word_1_59' title='bbox 1316 942 1319 949; x_wconf 92' lang='lat'>·</span> 
     </span>
    </p>
   </div>
   <div class='ocr_carea' id='block_1_6' title="bbox 106 1010 1287 1610">
    <p class='ocr_par' dir='ltr' id='par_1_6' title="bbox 106 1010 1287 1599">
     <span class='ocr_line' id='line_1_8' title="bbox 107 1010 1206 1088; baseline 0.004 -13"><span class='ocrx_word' id='word_1_60' title='bbox 107 1037 163 1076; x_wconf 84' lang='lat' dir='ltr'><strong>nas</strong></span> <span class='ocrx_word' id='word_1_61' title='bbox 185 1013 342 1073; x_wconf 86' lang='lat' dir='ltr'><strong>evitandas</strong></span> <span class='ocrx_word' id='word_1_62' title='bbox 361 1020 474 1086; x_wconf 90' lang='lat' dir='ltr'><strong>censet,</strong></span> <span class='ocrx_word' id='word_1_63' title='bbox 494 1013 521 1071; x_wconf 87' lang='lat' dir='ltr'><strong>is</strong></span> <span class='ocrx_word' id='word_1_64' title='bbox 541 1012 713 1071; x_wconf 88' lang='lat' dir='ltr'><strong>auditorum</strong></span> <span class='ocrx_word' id='word_1_65' title='bbox 732 1010 890 1087; x_wconf 78' lang='lat' dir='ltr'><strong>inscitiam,</strong></span> <span class='ocrx_word' id='word_1_66' title='bbox 913 1013 938 1072; x_wconf 87' lang='lat' dir='ltr'><strong>si</strong></span> <span class='ocrx_word' id='word_1_67' title='bbox 959 1016 1042 1088; x_wconf 78' lang='lat' dir='ltr'><strong>vult,</strong></span> <span class='ocrx_word' id='word_1_68' title='bbox 1058 1015 1206 1079; x_wconf 79' lang='lat' dir='ltr'><strong>damnare</strong></span> 
     </span>
     <span class='ocr_line' id='line_1_9' title="bbox 107 1097 1205 1200; baseline 0.002 -24"><span class='ocrx_word' id='word_1_69' title='bbox 107 1097 220 1200; x_wconf 81' lang='lat' dir='ltr'><strong>potest,</strong></span> <span class='ocrx_word' id='word_1_70' title='bbox 243 1115 296 1193; x_wconf 87' lang='lat' dir='ltr'><strong>qui</strong></span> <span class='ocrx_word' id='word_1_71' title='bbox 310 1114 396 1174; x_wconf 82' lang='lat' dir='ltr'><strong>nulio</strong></span> <span class='ocrx_word' id='word_1_72' title='bbox 412 1115 471 1174; x_wconf 87' lang='lat' dir='ltr'><strong>alio</strong></span> <span class='ocrx_word' id='word_1_73' title='bbox 484 1113 575 1172; x_wconf 91' lang='lat' dir='ltr'><strong>modo</strong></span> <span class='ocrx_word' id='word_1_74' title='bbox 591 1109 770 1172; x_wconf 77' lang='lat' dir='ltr'>intellecturi</span> <span class='ocrx_word' id='word_1_75' title='bbox 786 1124 880 1189; x_wconf 85' lang='lat' dir='ltr'><strong>erant,</strong></span> <span class='ocrx_word' id='word_1_76' title='bbox 902 1135 972 1176; x_wconf 88' lang='lat' dir='ltr'><strong>eum</strong></span> <span class='ocrx_word' id='word_1_77' title='bbox 987 1137 1073 1192; x_wconf 87' lang='lat' dir='ltr'><strong>vero,</strong></span> <span class='ocrx_word' id='word_1_78' title='bbox 1099 1120 1151 1198; x_wconf 89' lang='lat' dir='ltr'><strong>qui</strong></span> <span class='ocrx_word' id='word_1_79' title='bbox 1168 1120 1205 1179; x_wconf 83' lang='lat' dir='ltr'><strong>ad</strong></span> 
     </span>
     <span class='ocr_line' id='line_1_10' title="bbox 106 1215 1207 1293; baseline 0.003 -15"><span class='ocrx_word' id='word_1_80' title='bbox 106 1220 230 1278; x_wconf 82' lang='lat' dir='ltr'><strong>illomm</strong></span> <span class='ocrx_word' id='word_1_81' title='bbox 244 1216 478 1277; x_wconf 83' lang='lat' dir='ltr'><strong>imbecillitatem</strong></span> <span class='ocrx_word' id='word_1_82' title='bbox 495 1215 658 1274; x_wconf 87' lang='lat' dir='ltr'><strong>orationem</strong></span> <span class='ocrx_word' id='word_1_83' title='bbox 672 1234 756 1275; x_wconf 88' lang='lat' dir='ltr'><strong>suam</strong></span> <span class='ocrx_word' id='word_1_84' title='bbox 770 1216 988 1293; x_wconf 85' lang='lat' dir='ltr'><strong>accommodat,</strong></span> <span class='ocrx_word' id='word_1_85' title='bbox 1010 1219 1069 1277; x_wconf 87' lang='lat' dir='ltr'><strong>nisi</strong></span> <span class='ocrx_word' id='word_1_86' title='bbox 1083 1220 1207 1282; x_wconf 84' lang='lat' dir='ltr'><strong>laudare</strong></span> 
     </span>
     <span class='ocr_line' id='line_1_11' title="bbox 108 1316 1287 1398; baseline 0.001 -17"><span class='ocrx_word' id='word_1_87' title='bbox 108 1329 191 1381; x_wconf 80' lang='lat' dir='ltr'><strong>cesto</strong></span> <span class='ocrx_word' id='word_1_88' title='bbox 205 1338 265 1379; x_wconf 90' lang='lat' dir='ltr'><strong>non</strong></span> <span class='ocrx_word' id='word_1_89' title='bbox 283 1317 380 1377; x_wconf 89' lang='lat' dir='ltr'><strong>debet.</strong></span> <span class='ocrx_word' id='word_1_90' title='bbox 424 1317 549 1376; x_wconf 78' lang='lat' dir='ltr'>Tantam</span> <span class='ocrx_word' id='word_1_91' title='bbox 573 1316 718 1396; x_wconf 88' lang='lat' dir='ltr'><strong>siquidem</strong></span> <span class='ocrx_word' id='word_1_92' title='bbox 742 1321 959 1394; x_wconf 79' lang='lat' dir='ltr'><strong>auctoritatem,</strong></span> <span class='ocrx_word' id='word_1_93' title='bbox 980 1316 1154 1398; x_wconf 76' lang='lat' dir='ltr'><strong>dignitatern</strong></span> <span class='ocrx_word' id='word_1_94' title='bbox 1175 1327 1236 1383; x_wconf 72' lang='lat' dir='ltr'><strong>et*</strong></span> <span class='ocrx_word' id='word_1_95' title='bbox 1280 1322 1287 1331; x_wconf 74' lang='grc'><strong>”</strong></span> 
     </span>
     <span class='ocr_line' id='line_1_12' title="bbox 111 1417 1206 1500; baseline 0.003 -19"><span class='ocrx_word' id='word_1_96' title='bbox 111 1420 332 1483; x_wconf 86' lang='lat' dir='ltr'><strong>excellentiam</strong></span> <span class='ocrx_word' id='word_1_97' title='bbox 339 1417 420 1499; x_wconf 89' lang='lat' dir='ltr'><strong>apud</strong></span> <span class='ocrx_word' id='word_1_98' title='bbox 447 1438 547 1477; x_wconf 85' lang='lat' dir='ltr'><strong>omnes</strong></span> <span class='ocrx_word' id='word_1_99' title='bbox 570 1420 694 1494; x_wconf 87' lang='lat' dir='ltr'><strong>obtinet,</strong></span> <span class='ocrx_word' id='word_1_100' title='bbox 715 1430 760 1494; x_wconf 94' lang='lat' dir='ltr'><strong>ut,</strong></span> <span class='ocrx_word' id='word_1_101' title='bbox 781 1420 861 1479; x_wconf 89' lang='lat' dir='ltr'><strong>sicut</strong></span> <span class='ocrx_word' id='word_1_102' title='bbox 876 1421 1096 1500; x_wconf 71' lang='lat' dir='ltr'><strong>vituperandus</strong></span> <span class='ocrx_word' id='word_1_103' title='bbox 1120 1425 1206 1484; x_wconf 88' lang='lat' dir='ltr'><strong>nullo</strong></span> 
     </span>
     <span class='ocr_line' id='line_1_13' title="bbox 109 1518 1224 1610; baseline 0.002 -26"><span class='ocrx_word' id='word_1_104' title='bbox 109 1524 205 1584; x_wconf 86' lang='lat' dir='ltr'><strong>modo</strong></span> <span class='ocrx_word' id='word_1_105' title='bbox 229 1532 283 1597; x_wconf 87' lang='lat' dir='ltr'><strong>ast,</strong></span> <span class='ocrx_word' id='word_1_106' title='bbox 306 1522 348 1580; x_wconf 80' lang='lat' dir='ltr'><strong>ite</strong></span> <span class='ocrx_word' id='word_1_107' title='bbox 365 1518 454 1580; x_wconf 85' lang='lat' dir='ltr'><strong>laude</strong></span> <span class='ocrx_word' id='word_1_108' title='bbox 470 1529 501 1579; x_wconf 92' lang='lat' dir='ltr'><strong>et</strong></span> <span class='ocrx_word' id='word_1_109' title='bbox 519 1522 613 1599; x_wconf 82' lang='lat' dir='ltr'><strong>gloria</strong></span> <span class='ocrx_word' id='word_1_110' title='bbox 631 1541 669 1580; x_wconf 86' lang='lat' dir='ltr'><strong>ex</strong></span> <span class='ocrx_word' id='word_1_111' title='bbox 684 1543 749 1610; x_wconf 85' lang='lat' dir='ltr'><strong>sese</strong></span> <span class='ocrx_word' id='word_1_112' title='bbox 762 1521 836 1579; x_wconf 83' lang='lat' dir='ltr'><strong>adeo</strong></span> <span class='ocrx_word' id='word_1_113' title='bbox 858 1520 998 1594; x_wconf 77' lang='lat' dir='ltr'><strong>abundet,</strong></span> <span class='ocrx_word' id='word_1_114' title='bbox 1019 1534 1055 1582; x_wconf 91' lang='lat' dir='ltr'><strong>ut</strong></span> <span class='ocrx_word' id='word_1_115' title='bbox 1064 1524 1205 1586; x_wconf 79' lang='lat' dir='ltr'><strong>laudibus</strong></span> <span class='ocrx_word' id='word_1_116' title='bbox 1215 1568 1224 1577; x_wconf 48' lang='lat'><strong>&lt;-</strong></span> 
     </span>
    </p>
   </div>
   <div class='ocr_carea' id='block_1_7' title="bbox 106 1620 1343 1709">
    <p class='ocr_par' dir='ltr' id='par_1_7' title="bbox 106 1620 1343 1709">
     <span class='ocr_line' id='line_1_14' title="bbox 106 1620 1343 1709; baseline -0.002 -24"><span class='ocrx_word' id='word_1_117' title='bbox 106 1620 295 1691; x_wconf 80' lang='lat' dir='ltr'><strong>extrinsecus</strong></span> <span class='ocrx_word' id='word_1_118' title='bbox 315 1621 418 1702; x_wconf 83' lang='lat' dir='ltr'><strong>petitis</strong></span> <span class='ocrx_word' id='word_1_119' title='bbox 431 1614 707 1709; x_wconf 83' lang='lat' dir='ltr'><strong>minimeindigeat</strong></span> <span class='ocrx_word' id='word_1_120' title='bbox 750 1620 825 1682; x_wconf 87' lang='lat' dir='ltr'><strong>Nam</strong></span> <span class='ocrx_word' id='word_1_121' title='bbox 843 1624 979 1700; x_wconf 83' lang='lat' dir='ltr'><strong>quamvis</strong></span> <span class='ocrx_word' id='word_1_122' title='bbox 995 1622 1061 1680; x_wconf 85' lang='lat' dir='ltr'><strong>ahu</strong></span> <span class='ocrx_word' id='word_1_123' title='bbox 1073 1623 1204 1685; x_wconf 80' lang='lat' dir='ltr'><strong>screatus</strong></span> <span class='ocrx_word' id='word_1_124' title='bbox 1294 1648 1301 1653; x_wconf 94' lang='lat'><em>·</em></span> <span class='ocrx_word' id='word_1_125' title='bbox 1338 1645 1343 1665; x_wconf 89' lang='lat'><strong>··</strong></span> 
     </span>
    </p>
   </div>
   <div class='ocr_carea' id='block_1_8' title="bbox 102 1718 1302 1906">
    <p class='ocr_par' dir='ltr' id='par_1_8' title="bbox 102 1718 1302 1906">
     <span class='ocr_line' id='line_1_15' title="bbox 102 1718 1302 1809; baseline 0 -23"><span class='ocrx_word' id='word_1_126' title='bbox 102 1736 143 1809; x_wconf 65' lang='lat' dir='ltr'><strong>¹et</strong></span> <span class='ocrx_word' id='word_1_127' title='bbox 163 1718 328 1805; x_wconf 88' lang='lat' dir='ltr'><strong>disciplinis</strong></span> <span class='ocrx_word' id='word_1_128' title='bbox 348 1723 515 1783; x_wconf 80' lang='lat' dir='ltr'><strong>instructus</strong></span> <span class='ocrx_word' id='word_1_129' title='bbox 535 1723 574 1782; x_wconf 75' lang='lat' dir='ltr'><strong>ad</strong></span> <span class='ocrx_word' id='word_1_130' title='bbox 594 1724 851 1805; x_wconf 83' lang='lat' dir='ltr'><strong>persuadendum</strong></span> <span class='ocrx_word' id='word_1_131' title='bbox 857 1722 991 1799; x_wconf 87' lang='lat' dir='ltr'><strong>accedat,</strong></span> <span class='ocrx_word' id='word_1_132' title='bbox 1019 1725 1206 1804; x_wconf 74' lang='lat' dir='ltr'><strong>propriata</strong></span> <span class='ocrx_word' id='word_1_133' title='bbox 1289 1719 1302 1767; x_wconf 47' lang='grc' dir='ltr'><strong>ι’</strong></span> 
     </span>
     <span class='ocr_line' id='line_1_16' title="bbox 107 1820 1207 1906; baseline -0.001 -18"><span class='ocrx_word' id='word_1_134' title='bbox 107 1848 179 1888; x_wconf 89' lang='lat' dir='ltr'><strong>men</strong></span> <span class='ocrx_word' id='word_1_135' title='bbox 200 1826 292 1887; x_wconf 87' lang='lat' dir='ltr'><strong>laude</strong></span> <span class='ocrx_word' id='word_1_136' title='bbox 313 1845 377 1885; x_wconf 81' lang='lat' dir='ltr'><strong>esse</strong></span> <span class='ocrx_word' id='word_1_137' title='bbox 402 1833 560 1885; x_wconf 85' lang='lat' dir='ltr'><strong>contentus</strong></span> <span class='ocrx_word' id='word_1_138' title='bbox 579 1835 690 1906; x_wconf 74' lang='lat' dir='ltr'><strong>potest·</strong></span> <span class='ocrx_word' id='word_1_139' title='bbox 732 1820 818 1887; x_wconf 83' lang='lat' dir='ltr'><strong>Sicut</strong></span> <span class='ocrx_word' id='word_1_140' title='bbox 841 1824 1005 1886; x_wconf 86' lang='lat' dir='ltr'><strong>oratorlrie</strong></span> <span class='ocrx_word' id='word_1_141' title='bbox 1017 1834 1129 1900; x_wconf 88' lang='lat' dir='ltr'><strong>noster,</strong></span> <span class='ocrx_word' id='word_1_142' title='bbox 1152 1829 1207 1906; x_wconf 89' lang='lat' dir='ltr'><strong>qui</strong></span> 
     </span>
    </p>
   </div>
   <div class='ocr_carea' id='block_1_9' title="bbox 110 1927 1306 2007">
    <p class='ocr_par' dir='ltr' id='par_1_9' title="bbox 110 1927 1306 2007">
     <span class='ocr_line' id='line_1_17' title="bbox 110 1927 1306 2007; baseline 0.001 -19"><span class='ocrx_word' id='word_1_143' title='bbox 110 1929 297 1989; x_wconf 80' lang='lat' dir='ltr'><strong>clarissimus</strong></span> <span class='ocrx_word' id='word_1_144' title='bbox 313 1927 393 1987; x_wconf 86' lang='lat' dir='ltr'><strong>iuter</strong></span> <span class='ocrx_word' id='word_1_145' title='bbox 419 1947 520 1987; x_wconf 89' lang='lat' dir='ltr'><strong>omues</strong></span> <span class='ocrx_word' id='word_1_146' title='bbox 540 1927 601 1987; x_wconf 86' lang='lat' dir='ltr'><strong>hoo</strong></span> <span class='ocrx_word' id='word_1_147' title='bbox 621 1927 654 1986; x_wconf 87' lang='lat' dir='ltr'><strong>in</strong></span> <span class='ocrx_word' id='word_1_148' title='bbox 674 1946 780 2005; x_wconf 80' lang='lat' dir='ltr'><strong>genere</strong></span> <span class='ocrx_word' id='word_1_149' title='bbox 801 1934 857 2000; x_wconf 83' lang='lat' dir='ltr'><strong>est,</strong></span> <span class='ocrx_word' id='word_1_150' title='bbox 878 1930 1207 2007; x_wconf 85' lang='lat' dir='ltr'><strong>quamprasmauibua</strong></span> <span class='ocrx_word' id='word_1_151' title='bbox 1305 1971 1306 1974; x_wconf 63' lang='lat'><strong>,</strong></span> 
     </span>
    </p>
   </div>
   <div class='ocr_carea' id='block_1_10' title="bbox 105 2024 1301 4414">
    <p class='ocr_par' dir='ltr' id='par_1_10' title="bbox 105 2024 1301 4414">
     <span class='ocr_line' id='line_1_18' title="bbox 105 2024 1205 2109; baseline -0.001 -18"><span class='ocrx_word' id='word_1_152' title='bbox 105 2030 264 2106; x_wconf 79' lang='lat' dir='ltr'><strong>habemus,</strong></span> <span class='ocrx_word' id='word_1_153' title='bbox 291 2028 362 2089; x_wconf 85' lang='lat' dir='ltr'><strong>lieet</strong></span> <span class='ocrx_word' id='word_1_154' title='bbox 385 2030 449 2089; x_wconf 82' lang='lat' dir='ltr'><strong>aliis</strong></span> <span class='ocrx_word' id='word_1_155' title='bbox 473 2028 639 2109; x_wconf 85' lang='lat' dir='ltr'><strong>disciplinis</strong></span> <span class='ocrx_word' id='word_1_156' title='bbox 659 2029 767 2090; x_wconf 75' lang='lat' dir='ltr'><strong>fuisset</strong></span> <span class='ocrx_word' id='word_1_157' title='bbox 787 2028 948 2104; x_wconf 72' lang='lat' dir='ltr'><strong>eruditus,</strong></span> <span class='ocrx_word' id='word_1_158' title='bbox 967 2024 999 2089; x_wconf 88' lang='lat' dir='ltr'><strong>s&#39;t</strong></span> <span class='ocrx_word' id='word_1_159' title='bbox 1019 2050 1057 2089; x_wconf 89' lang='lat' dir='ltr'><strong>ex</strong></span> <span class='ocrx_word' id='word_1_160' title='bbox 1072 2031 1205 2090; x_wconf 86' lang='lat' dir='ltr'><strong>Platonis</strong></span> 
     </span>
     <span class='ocr_line' id='line_1_19' title="bbox 108 2113 1208 2210; baseline 0 -19"><span class='ocrx_word' id='word_1_161' title='bbox 108 2132 214 2193; x_wconf 83' lang='lat' dir='ltr'><strong>schola</strong></span> <span class='ocrx_word' id='word_1_162' title='bbox 235 2131 330 2192; x_wconf 80' lang='lat' dir='ltr'><strong>muln</strong></span> <span class='ocrx_word' id='word_1_163' title='bbox 351 2131 505 2209; x_wconf 84' lang='lat' dir='ltr'><strong>praeclara</strong></span> <span class='ocrx_word' id='word_1_164' title='bbox 521 2131 683 2205; x_wconf 84' lang='lat' dir='ltr'><strong>didicisset,</strong></span> <span class='ocrx_word' id='word_1_165' title='bbox 707 2141 737 2190; x_wconf 90' lang='lat' dir='ltr'><strong>et</strong></span> <span class='ocrx_word' id='word_1_166' title='bbox 751 2113 931 2210; x_wconf 77' lang='lat' dir='ltr'><strong>Thucydidi,</strong></span> <span class='ocrx_word' id='word_1_167' title='bbox 955 2132 1098 2210; x_wconf 77' lang='lat' dir='ltr'><strong>scriptori</strong></span> <span class='ocrx_word' id='word_1_168' title='bbox 1111 2131 1208 2191; x_wconf 62' lang='lat' dir='ltr'><strong>Atiae»</strong></span> 
     </span>
     <span class='ocr_line' id='line_1_20' title="bbox 105 2232 1206 2308; baseline -0.001 -14"><span class='ocrx_word' id='word_1_169' title='bbox 105 2235 203 2294; x_wconf 79' lang='lat' dir='ltr'><strong>nierui</strong></span> <span class='ocrx_word' id='word_1_170' title='bbox 213 2277 221 2308; x_wconf 95' lang='lat'><strong>,</strong></span> <span class='ocrx_word' id='word_1_171' title='bbox 243 2243 361 2293; x_wconf 83' lang='lat' dir='ltr'><strong>tantum</strong></span> <span class='ocrx_word' id='word_1_172' title='bbox 383 2233 518 2295; x_wconf 83' lang='lat' dir='ltr'><strong>studium</strong></span> <span class='ocrx_word' id='word_1_173' title='bbox 538 2232 734 2308; x_wconf 75' lang='lat' dir='ltr'><strong>adhibuisset,</strong></span> <span class='ocrx_word' id='word_1_174' title='bbox 754 2240 791 2289; x_wconf 88' lang='lat' dir='ltr'><strong>ut</strong></span> <span class='ocrx_word' id='word_1_175' title='bbox 808 2232 900 2291; x_wconf 89' lang='lat' dir='ltr'><strong>octies</strong></span> <span class='ocrx_word' id='word_1_176' title='bbox 914 2232 972 2291; x_wconf 89' lang='lat' dir='ltr'><strong>sibi</strong></span> <span class='ocrx_word' id='word_1_177' title='bbox 990 2233 1053 2290; x_wconf 85' lang='lat' dir='ltr'><strong>eius</strong></span> <span class='ocrx_word' id='word_1_178' title='bbox 1064 2233 1206 2294; x_wconf 83' lang='lat' dir='ltr'><strong>historias</strong></span> 
     </span>
     <span class='ocr_line' id='line_1_21' title="bbox 108 2333 1208 2415; baseline 0.001 -20"><span class='ocrx_word' id='word_1_179' title='bbox 108 2335 322 2395; x_wconf 76' lang='lat' dir='ltr'><strong>describendas</strong></span> <span class='ocrx_word' id='word_1_180' title='bbox 343 2337 468 2415; x_wconf 80' lang='lat' dir='ltr'><strong>putarit,</strong></span> <span class='ocrx_word' id='word_1_181' title='bbox 488 2335 614 2397; x_wconf 59' lang='lat' dir='ltr'><strong>»nulius</strong></span> <span class='ocrx_word' id='word_1_182' title='bbox 635 2352 739 2393; x_wconf 87' lang='lat' dir='ltr'><strong>eorum</strong></span> <span class='ocrx_word' id='word_1_183' title='bbox 761 2333 884 2410; x_wconf 75' lang='lat' dir='ltr'><strong>gloriam</strong></span> <span class='ocrx_word' id='word_1_184' title='bbox 911 2335 971 2399; x_wconf 87' lang='lat' dir='ltr'><strong>sibi</strong></span> <span class='ocrx_word' id='word_1_185' title='bbox 994 2334 1116 2395; x_wconf 78' lang='lat' dir='ltr'><strong>ridetur</strong></span> <span class='ocrx_word' id='word_1_186' title='bbox 1134 2334 1208 2396; x_wconf 78' lang='lat' dir='ltr'><strong>aiis-</strong></span> 
     </span>
     <span class='ocr_line' id='line_1_22' title="bbox 108 2435 1269 2519; baseline 0 -23"><span class='ocrx_word' id='word_1_187' title='bbox 108 2447 216 2511; x_wconf 82' lang='lat' dir='ltr'><strong>ctasse,</strong></span> <span class='ocrx_word' id='word_1_188' title='bbox 230 2435 289 2494; x_wconf 89' lang='lat' dir='ltr'><strong>nisi</strong></span> <span class='ocrx_word' id='word_1_189' title='bbox 304 2437 367 2496; x_wconf 84' lang='lat' dir='ltr'><strong>eius</strong></span> <span class='ocrx_word' id='word_1_190' title='bbox 382 2437 436 2514; x_wconf 89' lang='lat' dir='ltr'><strong>rei,</strong></span> <span class='ocrx_word' id='word_1_191' title='bbox 451 2458 527 2518; x_wconf 84' lang='lat' dir='ltr'><strong>qnae</strong></span> <span class='ocrx_word' id='word_1_192' title='bbox 542 2436 633 2496; x_wconf 87' lang='lat' dir='ltr'><strong>huius</strong></span> <span class='ocrx_word' id='word_1_193' title='bbox 646 2435 852 2495; x_wconf 86' lang='lat' dir='ltr'><strong>tantummodo</strong></span> <span class='ocrx_word' id='word_1_194' title='bbox 865 2436 936 2494; x_wconf 84' lang='lat' dir='ltr'><strong>artis</strong></span> <span class='ocrx_word' id='word_1_195' title='bbox 950 2436 1014 2495; x_wconf 88' lang='lat' dir='ltr'><strong>sine</strong></span> <span class='ocrx_word' id='word_1_196' title='bbox 1024 2435 1117 2519; x_wconf 87' lang='lat' dir='ltr'><strong>dubio</strong></span> <span class='ocrx_word' id='word_1_197' title='bbox 1132 2456 1208 2516; x_wconf 89' lang='lat' dir='ltr'><strong>pro·</strong></span> <span class='ocrx_word' id='word_1_198' title='bbox 1250 2447 1269 2456; x_wconf 87' lang='grc'><em>”</em></span> 
     </span>
     <span class='ocr_line' id='line_1_23' title="bbox 106 2535 1205 2620; baseline -0.001 -21"><span class='ocrx_word' id='word_1_199' title='bbox 106 2539 174 2620; x_wconf 83' lang='lat' dir='ltr'><strong>pria</strong></span> <span class='ocrx_word' id='word_1_200' title='bbox 197 2548 252 2599; x_wconf 86' lang='lat' dir='ltr'><strong>est.</strong></span> <span class='ocrx_word' id='word_1_201' title='bbox 297 2538 372 2599; x_wconf 85' lang='lat' dir='ltr'><strong>Cum</strong></span> <span class='ocrx_word' id='word_1_202' title='bbox 392 2541 469 2599; x_wconf 89' lang='lat' dir='ltr'><strong>enim</strong></span> <span class='ocrx_word' id='word_1_203' title='bbox 486 2543 618 2618; x_wconf 87' lang='lat' dir='ltr'><strong>quinque</strong></span> <span class='ocrx_word' id='word_1_204' title='bbox 634 2535 711 2594; x_wconf 88' lang='lat' dir='ltr'><strong>haec</strong></span> <span class='ocrx_word' id='word_1_205' title='bbox 730 2546 832 2615; x_wconf 82' lang='lat' dir='ltr'><strong>partes</strong></span> <span class='ocrx_word' id='word_1_206' title='bbox 851 2536 969 2612; x_wconf 86' lang='lat' dir='ltr'><strong>habeat,</strong></span> <span class='ocrx_word' id='word_1_207' title='bbox 991 2539 1205 2617; x_wconf 78' lang='lat' dir='ltr'><strong>inventionem,</strong></span> 
     </span>
     <span class='ocr_line' id='line_1_24' title="bbox 108 2631 1205 2719; baseline -0.001 -19"><span class='ocrx_word' id='word_1_208' title='bbox 108 2639 346 2718; x_wconf 65' lang='lat' dir='ltr'><strong>dispositionem,</strong></span> <span class='ocrx_word' id='word_1_209' title='bbox 369 2631 603 2719; x_wconf 87' lang='lat' dir='ltr'><strong>eloquutiouem,</strong></span> <span class='ocrx_word' id='word_1_210' title='bbox 625 2637 798 2696; x_wconf 88' lang='lat' dir='ltr'><strong>memoriam</strong></span> <span class='ocrx_word' id='word_1_211' title='bbox 814 2648 844 2696; x_wconf 90' lang='lat' dir='ltr'><strong>et</strong></span> <span class='ocrx_word' id='word_1_212' title='bbox 855 2640 1143 2717; x_wconf 79' lang='lat' dir='ltr'><strong>pronunciationem,</strong></span> <span class='ocrx_word' id='word_1_213' title='bbox 1153 2656 1156 2660; x_wconf 84' lang='lat'>·</span> <span class='ocrx_word' id='word_1_214' title='bbox 1168 2640 1205 2699; x_wconf 85' lang='lat' dir='ltr'><strong>ab</strong></span> 
     </span>
     <span class='ocr_line' id='line_1_25' title="bbox 106 2739 1299 2821; baseline -0.001 -19"><span class='ocrx_word' id='word_1_215' title='bbox 106 2742 283 2802; x_wconf 82' lang='lat' dir='ltr'><strong>Andronico</strong></span> <span class='ocrx_word' id='word_1_216' title='bbox 309 2741 454 2801; x_wconf 74' lang='lat' dir='ltr'><strong>histrione</strong></span> <span class='ocrx_word' id='word_1_217' title='bbox 486 2742 705 2819; x_wconf 85' lang='lat' dir='ltr'><strong>interrogatus,</strong></span> <span class='ocrx_word' id='word_1_218' title='bbox 744 2739 817 2818; x_wconf 90' lang='lat' dir='ltr'><strong>quid</strong></span> <span class='ocrx_word' id='word_1_219' title='bbox 846 2742 877 2797; x_wconf 90' lang='lat' dir='ltr'><strong>in</strong></span> <span class='ocrx_word' id='word_1_220' title='bbox 902 2740 1053 2800; x_wconf 86' lang='lat' dir='ltr'><strong>rhetorica</strong></span> <span class='ocrx_word' id='word_1_221' title='bbox 1075 2743 1208 2821; x_wconf 87' lang='lat' dir='ltr'><strong>primum</strong></span> <span class='ocrx_word' id='word_1_222' title='bbox 1296 2777 1299 2793; x_wconf 71' lang='grc' dir='ltr'><strong>ι</strong></span> 
     </span>
     <span class='ocr_line' id='line_1_26' title="bbox 109 2840 1209 2922; baseline -0.003 -18"><span class='ocrx_word' id='word_1_223' title='bbox 109 2864 178 2904; x_wconf 85' lang='lat' dir='ltr'><strong>esse</strong></span> <span class='ocrx_word' id='word_1_224' title='bbox 204 2845 401 2917; x_wconf 82' lang='lat' dir='ltr'><strong>existimaret,</strong></span> <span class='ocrx_word' id='word_1_225' title='bbox 430 2843 711 2922; x_wconf 77' lang='lat' dir='ltr'><strong>pronunciationem</strong></span> <span class='ocrx_word' id='word_1_226' title='bbox 727 2840 815 2918; x_wconf 83' lang='lat' dir='ltr'><strong>dixit,</strong></span> <span class='ocrx_word' id='word_1_227' title='bbox 846 2850 875 2896; x_wconf 88' lang='lat' dir='ltr'><strong>et</strong></span> <span class='ocrx_word' id='word_1_228' title='bbox 894 2841 1036 2914; x_wconf 76' lang='lat' dir='ltr'><strong>renuardo,</strong></span> <span class='ocrx_word' id='word_1_229' title='bbox 1065 2852 1095 2898; x_wconf 87' lang='lat' dir='ltr'><strong>et</strong></span> <span class='ocrx_word' id='word_1_230' title='bbox 1119 2843 1209 2901; x_wconf 87' lang='lat' dir='ltr'><strong>tertio</strong></span> 
     </span>
     <span class='ocr_line' id='line_1_27' title="bbox 108 2942 1210 3025; baseline -0.006 -18"><span class='ocrx_word' id='word_1_231' title='bbox 108 2947 196 3007; x_wconf 88' lang='lat' dir='ltr'><strong>idem</strong></span> <span class='ocrx_word' id='word_1_232' title='bbox 209 2946 372 3024; x_wconf 88' lang='lat' dir='ltr'><strong>respondit,</strong></span> <span class='ocrx_word' id='word_1_233' title='bbox 395 2943 496 3025; x_wconf 87' lang='lat' dir='ltr'><strong>quoad</strong></span> <span class='ocrx_word' id='word_1_234' title='bbox 513 2943 602 3003; x_wconf 90' lang='lat' dir='ltr'><strong>desiit</strong></span> <span class='ocrx_word' id='word_1_235' title='bbox 616 2943 667 3001; x_wconf 85' lang='lat' dir='ltr'><strong>ille</strong></span> <span class='ocrx_word' id='word_1_236' title='bbox 680 2942 875 3016; x_wconf 80' lang='lat' dir='ltr'><strong>interrogare,</strong></span> <span class='ocrx_word' id='word_1_237' title='bbox 893 2948 1001 2998; x_wconf 91' lang='lat' dir='ltr'><strong>utnon</strong></span> <span class='ocrx_word' id='word_1_238' title='bbox 1013 2949 1083 2998; x_wconf 50' lang='lat' dir='ltr'><strong>tam¹</strong></span> <span class='ocrx_word' id='word_1_239' title='bbox 1092 2943 1210 3020; x_wconf 87' lang='lat' dir='ltr'><strong>praeei-</strong></span> 
     </span>
     <span class='ocr_line' id='line_1_28' title="bbox 107 3034 1210 3128; baseline -0.005 -24"><span class='ocrx_word' id='word_1_240' title='bbox 107 3067 212 3128; x_wconf 86' lang='lat' dir='ltr'><strong>puam,</strong></span> <span class='ocrx_word' id='word_1_241' title='bbox 238 3066 327 3125; x_wconf 87' lang='lat' dir='ltr'><strong>quam</strong></span> <span class='ocrx_word' id='word_1_242' title='bbox 339 3048 433 3106; x_wconf 85' lang='lat' dir='ltr'><strong>solam</strong></span> <span class='ocrx_word' id='word_1_243' title='bbox 444 3045 613 3106; x_wconf 87' lang='lat' dir='ltr'><strong>rhetoricae</strong></span> <span class='ocrx_word' id='word_1_244' title='bbox 624 3044 780 3123; x_wconf 86' lang='lat' dir='ltr'><strong>propriam</strong></span> <span class='ocrx_word' id='word_1_245' title='bbox 795 3049 911 3120; x_wconf 84' lang='lat' dir='ltr'><strong>partem</strong></span> <span class='ocrx_word' id='word_1_246' title='bbox 927 3034 1210 3122; x_wconf 81' lang='lat' dir='ltr'><strong>pronunciationem</strong></span> 
     </span>
     <span class='ocr_line' id='line_1_29' title="bbox 110 3136 1211 3227; baseline -0.002 -19"><span class='ocrx_word' id='word_1_247' title='bbox 110 3170 178 3208; x_wconf 84' lang='lat' dir='ltr'><strong>ease</strong></span> <span class='ocrx_word' id='word_1_248' title='bbox 194 3136 393 3227; x_wconf 75' lang='lat' dir='ltr'><strong>significaret:</strong></span> <span class='ocrx_word' id='word_1_249' title='bbox 421 3158 582 3227; x_wconf 87' lang='lat' dir='ltr'><strong>propterea</strong></span> <span class='ocrx_word' id='word_1_250' title='bbox 607 3145 750 3204; x_wconf 83' lang='lat' dir='ltr'><strong>videlicet</strong></span> <span class='ocrx_word' id='word_1_251' title='bbox 778 3162 869 3220; x_wconf 89' lang='lat' dir='ltr'><strong>quum</strong></span> <span class='ocrx_word' id='word_1_252' title='bbox 890 3153 1024 3202; x_wconf 88' lang='lat' dir='ltr'><strong>caeterae</strong></span> <span class='ocrx_word' id='word_1_253' title='bbox 1046 3166 1147 3205; x_wconf 81' lang='lat' dir='ltr'><strong>carnes</strong></span> <span class='ocrx_word' id='word_1_254' title='bbox 1168 3147 1211 3206; x_wconf 87' lang='lat' dir='ltr'><strong>ita</strong></span> 
     </span>
     <span class='ocr_line' id='line_1_30' title="bbox 110 3243 1210 3328; baseline -0.005 -17"><span class='ocrx_word' id='word_1_255' title='bbox 110 3250 238 3310; x_wconf 83' lang='lat' dir='ltr'><strong>aliarum</strong></span> <span class='ocrx_word' id='word_1_256' title='bbox 260 3271 361 3310; x_wconf 82' lang='lat' dir='ltr'><strong>rerum</strong></span> <span class='ocrx_word' id='word_1_257' title='bbox 384 3251 584 3328; x_wconf 82' lang='lat' dir='ltr'><strong>cognitionem</strong></span> <span class='ocrx_word' id='word_1_258' title='bbox 610 3246 761 3306; x_wconf 88' lang='lat' dir='ltr'><strong>interdum</strong></span> <span class='ocrx_word' id='word_1_259' title='bbox 787 3244 927 3303; x_wconf 83' lang='lat' dir='ltr'><strong>innexam</strong></span> <span class='ocrx_word' id='word_1_260' title='bbox 951 3244 1063 3305; x_wconf 86' lang='lat' dir='ltr'><strong>habent</strong></span> <span class='ocrx_word' id='word_1_261' title='bbox 1078 3243 1210 3323; x_wconf 76' lang='lat' dir='ltr'><strong>&#39;aliisque</strong></span> 
     </span>
     <span class='ocr_line' id='line_1_31' title="bbox 109 3343 1210 3432; baseline -0.005 -20"><span class='ocrx_word' id='word_1_262' title='bbox 109 3343 250 3412; x_wconf 81' lang='lat' dir='ltr'><strong>omnibus</strong></span> <span class='ocrx_word' id='word_1_263' title='bbox 265 3354 354 3413; x_wconf 85' lang='lat' dir='ltr'><strong>ctiam</strong></span> <span class='ocrx_word' id='word_1_264' title='bbox 376 3349 594 3432; x_wconf 87' lang='lat' dir='ltr'><strong>philosophicis</strong></span> <span class='ocrx_word' id='word_1_265' title='bbox 616 3346 869 3428; x_wconf 87' lang='lat' dir='ltr'><strong>disputationibus</strong></span> <span class='ocrx_word' id='word_1_266' title='bbox 886 3367 1058 3407; x_wconf 87' lang='lat' dir='ltr'><strong>communes</strong></span> <span class='ocrx_word' id='word_1_267' title='bbox 1074 3357 1153 3420; x_wconf 83' lang='lat' dir='ltr'><strong>sunt,</strong></span> <span class='ocrx_word' id='word_1_268' title='bbox 1174 3357 1210 3407; x_wconf 87' lang='lat' dir='ltr'><strong>ut</strong></span> 
     </span>
     <span class='ocr_line' id='line_1_32' title="bbox 109 3433 1234 3532; baseline -0.004 -20"><span class='ocrx_word' id='word_1_269' title='bbox 109 3453 244 3528; x_wconf 87' lang='lat' dir='ltr'><strong>aliarum,</strong></span> <span class='ocrx_word' id='word_1_270' title='bbox 269 3453 295 3511; x_wconf 91' lang='lat' dir='ltr'><strong>ai</strong></span> <span class='ocrx_word' id='word_1_271' title='bbox 315 3453 384 3532; x_wconf 88' lang='lat' dir='ltr'><strong>quis</strong></span> <span class='ocrx_word' id='word_1_272' title='bbox 403 3433 485 3512; x_wconf 84' lang='lat' dir='ltr'><strong>reete</strong></span> <span class='ocrx_word' id='word_1_273' title='bbox 508 3472 569 3510; x_wconf 90' lang='lat' dir='ltr'><strong>non</strong></span> <span class='ocrx_word' id='word_1_274' title='bbox 583 3451 736 3523; x_wconf 83' lang='lat' dir='ltr'><strong>advertat,</strong></span> <span class='ocrx_word' id='word_1_275' title='bbox 757 3449 856 3506; x_wconf 79' lang='lat' dir='ltr'><strong>videri</strong></span> <span class='ocrx_word' id='word_1_276' title='bbox 874 3451 1065 3508; x_wconf 75' lang='lat' dir='ltr'><strong>scientiarum</strong></span> <span class='ocrx_word' id='word_1_277' title='bbox 1081 3450 1209 3530; x_wconf 76' lang='lat' dir='ltr'><strong>possint,</strong></span> <span class='ocrx_word' id='word_1_278' title='bbox 1233 3504 1234 3508; x_wconf 75' lang='grc'>,</span> 
     </span>
     <span class='ocr_line' id='line_1_33' title="bbox 109 3550 1213 3643; baseline -0.004 -29"><span class='ocrx_word' id='word_1_279' title='bbox 109 3554 187 3634; x_wconf 80' lang='lat' dir='ltr'><strong>haee</strong></span> <span class='ocrx_word' id='word_1_280' title='bbox 211 3556 322 3614; x_wconf 89' lang='lat' dir='ltr'><strong>sola</strong></span> <span class='ocrx_word' id='word_1_281' title='bbox 299 3576 362 3615; x_wconf 86' lang='lat' dir='ltr'><strong>urae</strong></span> <span class='ocrx_word' id='word_1_282' title='bbox 381 3554 452 3612; x_wconf 87' lang='lat' dir='ltr'><strong>ulla</strong></span> <span class='ocrx_word' id='word_1_283' title='bbox 449 3552 661 3643; x_wconf 80' lang='lat' dir='ltr'><strong>controversia</strong></span> <span class='ocrx_word' id='word_1_284' title='bbox 679 3550 849 3622; x_wconf 88' lang='lat' dir='ltr'><strong>nonalteri,</strong></span> <span class='ocrx_word' id='word_1_285' title='bbox 872 3571 960 3630; x_wconf 87' lang='lat' dir='ltr'><strong>quam</strong></span> <span class='ocrx_word' id='word_1_286' title='bbox 975 3551 1048 3613; x_wconf 90' lang='lat' dir='ltr'><strong>huic</strong></span> <span class='ocrx_word' id='word_1_287' title='bbox 1066 3554 1132 3627; x_wconf 87' lang='lat' dir='ltr'><strong>arti,</strong></span> <span class='ocrx_word' id='word_1_288' title='bbox 1156 3552 1213 3610; x_wconf 87' lang='lat' dir='ltr'><strong>ad·</strong></span> 
     </span>
     <span class='ocr_line' id='line_1_34' title="bbox 109 3651 1301 3751; baseline -0.008 -36"><span class='ocrx_word' id='word_1_289' title='bbox 109 3657 205 3718; x_wconf 77' lang='lat' dir='ltr'><strong>scribi</strong></span> <span class='ocrx_word' id='word_1_290' title='bbox 233 3666 334 3737; x_wconf 87' lang='lat' dir='ltr'><strong>queat,</strong></span> <span class='ocrx_word' id='word_1_291' title='bbox 363 3664 452 3734; x_wconf 81' lang='lat' dir='ltr'><strong>atque</strong></span> <span class='ocrx_word' id='word_1_292' title='bbox 474 3655 586 3714; x_wconf 89' lang='lat' dir='ltr'><strong>iccirco</strong></span> <span class='ocrx_word' id='word_1_293' title='bbox 610 3663 724 3713; x_wconf 84' lang='lat' dir='ltr'><strong>tantam</strong></span> <span class='ocrx_word' id='word_1_294' title='bbox 727 3672 867 3751; x_wconf 91' lang='lat' dir='ltr'><strong>operam</strong></span> <span class='ocrx_word' id='word_1_295' title='bbox 885 3654 987 3713; x_wconf 90' lang='lat' dir='ltr'><strong>sibi&#39;</strong></span> <span class='ocrx_word' id='word_1_296' title='bbox 962 3675 990 3713; x_wconf 85' lang='lat' dir='ltr'><strong>ea</strong></span> <span class='ocrx_word' id='word_1_297' title='bbox 1011 3651 1209 3711; x_wconf 87' lang='lat' dir='ltr'><strong>adhibendum</strong></span> <span class='ocrx_word' id='word_1_298' title='bbox 1293 3727 1301 3736; x_wconf 37' lang='grc' dir='ltr'><strong><em>Ι</em></strong></span> 
     </span>
     <span class='ocr_line' id='line_1_35' title="bbox 110 3748 1212 3835; baseline -0.006 -18"><span class='ocrx_word' id='word_1_299' title='bbox 110 3759 210 3833; x_wconf 85' lang='lat' dir='ltr'><strong>duxit,</strong></span> <span class='ocrx_word' id='word_1_300' title='bbox 239 3770 290 3820; x_wconf 90' lang='lat' dir='ltr'><strong>ut</strong></span> <span class='ocrx_word' id='word_1_301' title='bbox 300 3778 363 3820; x_wconf 91' lang='lat' dir='ltr'><strong>non</strong></span> <span class='ocrx_word' id='word_1_302' title='bbox 382 3768 444 3817; x_wconf 87' lang='lat' dir='ltr'><strong>tans</strong></span> <span class='ocrx_word' id='word_1_303' title='bbox 469 3757 617 3815; x_wconf 91' lang='lat' dir='ltr'><strong>orationes</strong></span> <span class='ocrx_word' id='word_1_304' title='bbox 642 3748 704 3814; x_wconf 83' lang='lat' dir='ltr'><strong>eiu&#39;s</strong></span> <span class='ocrx_word' id='word_1_305' title='bbox 727 3764 756 3813; x_wconf 90' lang='lat' dir='ltr'><strong>et</strong></span> <span class='ocrx_word' id='word_1_306' title='bbox 770 3755 891 3833; x_wconf 83' lang='lat' dir='ltr'><strong>scripta,</strong></span> <span class='ocrx_word' id='word_1_307' title='bbox 914 3775 1003 3835; x_wconf 85' lang='lat' dir='ltr'><strong>quam</strong></span> <span class='ocrx_word' id='word_1_308' title='bbox 1018 3754 1164 3814; x_wconf 83' lang='lat' dir='ltr'><strong>industria</strong></span> <span class='ocrx_word' id='word_1_309' title='bbox 1181 3761 1212 3811; x_wconf 87' lang='lat' dir='ltr'><strong>et</strong></span> 
     </span>
     <span class='ocr_line' id='line_1_36' title="bbox 110 3853 1211 3936; baseline -0.007 -17"><span class='ocrx_word' id='word_1_310' title='bbox 110 3861 323 3919; x_wconf 86' lang='lat' dir='ltr'><strong>exercitatio</strong></span> <span class='ocrx_word' id='word_1_311' title='bbox 314 3882 346 3920; x_wconf 90' lang='lat' dir='ltr'><strong>m</strong></span> <span class='ocrx_word' id='word_1_312' title='bbox 359 3882 411 3920; x_wconf 90' lang='lat' dir='ltr'><strong>ore</strong></span> <span class='ocrx_word' id='word_1_313' title='bbox 427 3860 558 3918; x_wconf 90' lang='lat' dir='ltr'><strong>omnium</strong></span> <span class='ocrx_word' id='word_1_314' title='bbox 574 3859 622 3932; x_wconf 89' lang='lat' dir='ltr'><strong>sit,</strong></span> <span class='ocrx_word' id='word_1_315' title='bbox 645 3867 673 3916; x_wconf 90' lang='lat' dir='ltr'><strong>et</strong></span> <span class='ocrx_word' id='word_1_316' title='bbox 694 3856 789 3936; x_wconf 91' lang='lat' dir='ltr'><strong>apud</strong></span> <span class='ocrx_word' id='word_1_317' title='bbox 798 3875 898 3916; x_wconf 89' lang='lat' dir='ltr'><strong>omnes</strong></span> <span class='ocrx_word' id='word_1_318' title='bbox 915 3858 1091 3919; x_wconf 87' lang='lat' dir='ltr'><strong>celebretur.</strong></span> <span class='ocrx_word' id='word_1_319' title='bbox 1135 3853 1211 3926; x_wconf 79' lang='lat' dir='ltr'><strong>Quis</strong></span> 
     </span>
     <span class='ocr_line' id='line_1_37' title="bbox 111 3950 1211 4041; baseline -0.005 -21"><span class='ocrx_word' id='word_1_320' title='bbox 111 3961 193 4020; x_wconf 90' lang='lat' dir='ltr'><strong>enim</strong></span> <span class='ocrx_word' id='word_1_321' title='bbox 208 3973 261 4040; x_wconf 84' lang='lat' dir='ltr'><strong>est,</strong></span> <span class='ocrx_word' id='word_1_322' title='bbox 284 3950 338 4041; x_wconf 86' lang='lat' dir='ltr'><strong>qui</strong></span> <span class='ocrx_word' id='word_1_323' title='bbox 355 3962 563 4022; x_wconf 85' lang='lat' dir='ltr'><strong>meditationes</strong></span> <span class='ocrx_word' id='word_1_324' title='bbox 585 3958 649 4018; x_wconf 92' lang='lat' dir='ltr'><strong>eius</strong></span> <span class='ocrx_word' id='word_1_325' title='bbox 669 3958 699 4016; x_wconf 88' lang='lat' dir='ltr'><strong>in</strong></span> <span class='ocrx_word' id='word_1_326' title='bbox 716 3959 856 4018; x_wconf 88' lang='lat' dir='ltr'><strong>cubiculo</strong></span> <span class='ocrx_word' id='word_1_327' title='bbox 872 3961 1065 4019; x_wconf 86' lang='lat' dir='ltr'><strong>subterraneo</strong></span> <span class='ocrx_word' id='word_1_328' title='bbox 1080 3976 1141 4015; x_wconf 91' lang='lat' dir='ltr'><strong>nan</strong></span> <span class='ocrx_word' id='word_1_329' title='bbox 1156 3956 1211 4016; x_wconf 85' lang='lat' dir='ltr'><strong>ad-</strong></span> 
     </span>
     <span class='ocr_line' id='line_1_38' title="bbox 108 4051 1241 4142; baseline -0.004 -17"><span class='ocrx_word' id='word_1_330' title='bbox 108 4063 249 4138; x_wconf 87' lang='lat' dir='ltr'><strong>miretur,</strong></span> <span class='ocrx_word' id='word_1_331' title='bbox 273 4084 343 4125; x_wconf 89' lang='lat' dir='ltr'><strong>cam</strong></span> <span class='ocrx_word' id='word_1_332' title='bbox 366 4063 552 4142; x_wconf 82' lang='lat' dir='ltr'><strong>inaequalem</strong></span> <span class='ocrx_word' id='word_1_333' title='bbox 571 4051 725 4120; x_wconf 83' lang='lat' dir='ltr'><strong>tonsuram</strong></span> <span class='ocrx_word' id='word_1_334' title='bbox 752 4063 942 4141; x_wconf 84' lang='lat' dir='ltr'><strong>etiamcapiti</strong></span> <span class='ocrx_word' id='word_1_335' title='bbox 957 4057 1151 4131; x_wconf 81' lang='lat' dir='ltr'><strong>adhibuisset,</strong></span> <span class='ocrx_word' id='word_1_336' title='bbox 1172 4076 1211 4117; x_wconf 83' lang='lat' dir='ltr'><strong>ne</strong></span> <span class='ocrx_word' id='word_1_337' title='bbox 1237 4112 1241 4120; x_wconf 94' lang='lat'>.</span> 
     </span>
     <span class='ocr_line' id='line_1_39' title="bbox 111 4151 1213 4245; baseline -0.005 -20"><span class='ocrx_word' id='word_1_338' title='bbox 111 4166 171 4226; x_wconf 82' lang='lat' dir='ltr'><strong>sabi</strong></span> <span class='ocrx_word' id='word_1_339' title='bbox 194 4166 353 4245; x_wconf 80' lang='lat' dir='ltr'><strong>aliquando</strong></span> <span class='ocrx_word' id='word_1_340' title='bbox 373 4165 445 4224; x_wconf 87' lang='lat' dir='ltr'><strong>inde</strong></span> <span class='ocrx_word' id='word_1_341' title='bbox 473 4162 642 4224; x_wconf 83' lang='lat' dir='ltr'><strong>exeundum</strong></span> <span class='ocrx_word' id='word_1_342' title='bbox 665 4173 759 4239; x_wconf 86' lang='lat' dir='ltr'><strong>esset,</strong></span> <span class='ocrx_word' id='word_1_343' title='bbox 788 4151 876 4243; x_wconf 64' lang='lat' dir='ltr'><strong>atoue</strong></span> <span class='ocrx_word' id='word_1_344' title='bbox 897 4164 939 4220; x_wconf 88' lang='lat' dir='ltr'><strong>ita</strong></span> <span class='ocrx_word' id='word_1_345' title='bbox 962 4160 1094 4220; x_wconf 87' lang='lat' dir='ltr'><strong>studium</strong></span> <span class='ocrx_word' id='word_1_346' title='bbox 1116 4161 1213 4219; x_wconf 80' lang='lat' dir='ltr'><strong>inter·</strong></span> 
     </span>
     <span class='ocr_line' id='line_1_40' title="bbox 109 4251 1219 4408; baseline -0.005 -82"><span class='ocrx_word' id='word_1_347' title='bbox 109 4269 308 4357; x_wconf 72' lang='lat' dir='ltr'><strong>mitteretur?</strong></span> <span class='ocrx_word' id='word_1_348' title='bbox 330 4267 406 4350; x_wconf 82' lang='lat' dir='ltr'><strong>Quis</strong></span> <span class='ocrx_word' id='word_1_349' title='bbox 424 4253 499 4330; x_wconf 72' lang='lat' dir='ltr'><strong>ison</strong></span> <span class='ocrx_word' id='word_1_350' title='bbox 517 4265 579 4328; x_wconf 85' lang='lat' dir='ltr'><strong>eius</strong></span> <span class='ocrx_word' id='word_1_351' title='bbox 593 4251 759 4347; x_wconf 78' lang='lat' dir='ltr'><strong>angustiam</strong></span> <span class='ocrx_word' id='word_1_352' title='bbox 772 4284 833 4326; x_wconf 88' lang='lat' dir='ltr'><strong>non</strong></span> <span class='ocrx_word' id='word_1_353' title='bbox 846 4264 995 4408; x_wconf 58' lang='lat' dir='ltr'><strong>deceptu,</strong></span> <span class='ocrx_word' id='word_1_354' title='bbox 1018 4281 1078 4345; x_wconf 81' lang='lat' dir='ltr'><strong>qur</strong></span> <span class='ocrx_word' id='word_1_355' title='bbox 1094 4260 1127 4325; x_wconf 81' lang='lat' dir='ltr'><strong>id</strong></span> <span class='ocrx_word' id='word_1_356' title='bbox 1140 4270 1219 4320; x_wconf 68' lang='lat' dir='ltr'><strong>cos.-</strong></span> 
     </span>
     <span class='ocr_line' id='line_1_41' title="bbox 962 4353 983 4414; baseline 0 0"><span class='ocrx_word' id='word_1_357' title='bbox 962 4353 983 4414; x_wconf 79' lang='lat'>2</span> 
     </span>
    </p>
   </div>
   <div class='ocr_carea' id='block_1_11' title="bbox 0 0 1394 4724">
    <p class='ocr_par' dir='ltr' id='par_1_11' title="bbox 0 0 1394 4724">
     <span class='ocr_line' id='line_1_42' title="bbox 0 0 1394 4724; baseline 0 0"><span class='ocrx_word' id='word_1_358' title='bbox 0 0 1394 4724; x_wconf 95' lang='lat' dir='ltr'><strong> </strong></span> 
     </span>
    </p>
   </div>
  </div>
 </body>
</html>
