2768 4724
326 214 328 219 ’
396 236 618 301 ssi-onir.
647 240 847 302 cirris.
880 242 903 302 ι.
999 192 1013 224 ⁵
1126 246 1191 310 ‘ss-1

53 400 57 405 ’
168 412 200 475 Ρ.
223 416 274 480 14.
294 430 324 473 v.
343 416 395 479 26.
415 403 567 494 ἠγοῦμαι]
590 404 675 492 οἶμαι
688 411 813 472 loeker.
835 428 929 472 seren

171 501 203 559 Ρ.
228 503 277 564 14.
299 517 329 556 v.
352 504 402 563 26.
423 489 525 574 ταῦτ’]
558 497 620 554 scil.
646 490 773 576 άῦμεῖς
794 492 959 578 λαμβάνετε
987 496 1035 575 [id
1056 505 1101 556 est
1121 493 1195 560 ἄνα·
1230 543 1235 557 .

104 583 231 661 ussus]
256 577 297 655 oie
310 579 468 663 βούλεσθε.
487 582 553 640 illas
566 581 752 659 largitiones,
766 598 841 658 ques
856 602 937 657 ros.
953 599 1073 659 quoquo
1093 583 1195 656 vultis,

104 668 271 742 insumitis,
302 688 365 726 esse
391 658 530 745 άρχῆθεν
551 664 604 728 καλ
628 662 704 728 κατά
726 659 759 727 τά
781 666 868 737 δέον,
900 666 1056 744 primitus,
1083 667 1196 744 origine

71 763 195 812 .·tenus
216 763 245 811 et
262 760 356 832 prout
378 750 467 810 etiem
488 771 545 830 per
562 760 625 824 est,
644 749 791 829 stipendis
803 751 948 827 militibus
969 750 1077 810 debita.
1097 770 1195 812 men.

105 836 332 909 Bekkerusnol
345 830 421 898 εἶναι
438 829 642 908 στρατιωτικά.
682 834 852 894 Admodum
871 826 1034 895 veriiimile
1051 843 1095 895 est
1110 837 1196 897 sicin

106 921 263 981 codicibus
275 942 293 979 a
307 920 371 978 viro
387 920 503 999 egregio
525 919 640 979 collatis
651 918 724 997 legi,
749 920 945 998 suspicorque
959 919 1109 979 librorum
1120 921 1198 998 duo,-
1213 960 1216 967 ,
1279 975 1281 980 .

103 1025 176 1066 rum
199 1005 400 1065 Perisiuosum
420 1005 614 1083 scripturam,
638 1002 675 1063 dc
695 1022 754 1082 que
776 1004 912 1063 liciskius
939 1003 978 1062 ed
997 1011 1027 1063 r.
1044 1004 1113 1079 25„
1137 1004 1198 1066 huc

56 1101 59 1105 '
104 1090 293 1150 referendam
316 1109 388 1147 esse.
431 1090 496 1147 Hoc
516 1097 585 1147 utut
608 1096 669 1162 est,
694 1109 756 1146 non
777 1089 882 1147 dubito
904 1087 1063 1148 Oratorem
1082 1089 1200 1151 dedisse

105 1175 161 1238 stol
181 1171 257 1238 εἶναι
275 1167 493 1252 στρατιωτικά.
521 1171 733 1251 Demosthenes
754 1174 831 1232 enirn
853 1173 883 1230 in
902 1172 1076 1231 universum
1097 1183 1200 1235 censet

105 1253 303 1336 erectiones}
318 1254 491 1316 undeunde
506 1256 678 1315 extricando
694 1278 771 1329 esse:
795 1256 885 1337 quisi
900 1254 1041 1328 dixisset,
1060 1268 1096 1317 ut
1107 1260 1199 1337 vulgo

107 1344 288 1418 ediderunt,
310 1342 362 1403 ιιαῖ
379 1335 464 1403 ταῦτ’
478 1336 555 1404 εἶναι
568 1340 761 1421 στρατιωτικά
767 1338 781 1416 ,’
800 1351 830 1400 et
844 1340 901 1400 sibi
922 1341 979 1419 ipsi
999 1340 1200 1421 contradixis-

107 1437 173 1503 set,
194 1424 275 1507 (narn
295 1425 385 1485 niodo
415 1424 514 1505 iurans
537 1435 695 1503 negaverat
717 1446 748 1484 se
767 1418 896 1508 γράφειν
914 1416 1001 1488 ταῦτ’
1015 1421 1091 1488 εἶναι
1113 1424 1201 1504 eterra

106 1508 265 1588 τιατιαά,)
294 1520 323 1568 ct
346 1508 453 1591 capitis
481 1509 648 1590 periculum
671 1500 799 1570 adiisset.
844 1510 913 1568 Sole
941 1513 1043 1568 sutem
1064 1510 1200 1572 theorice

110 1617 179 1657 sum
197 1596 341 1674 cogitasse
365 1594 435 1652 satis
456 1603 592 1673 apparet:
623 1594 676 1653 sed
693 1592 751 1652 linc
774 1594 806 1652 in
825 1613 874 1669 re,
902 1588 1090 1673 nusquam,
1112 1590 1201 1675 uteri7

109 1682 183 1740 dum
209 1681 268 1739 suit
288 1676 478 1738 callidissima
506 1684 680 1764 περιπλοκῇ.
722 1678 870 1755 Riidigsro
903 1687 1025 1737 conatus
1049 1681 1219 1757 vulgstsin.

109 1765 290 1844 scripturam
307 1765 412 1823 tuendi
431 1782 537 1840 perum
554 1770 700 1842 prospere
717 1764 818 1823 cessit:
846 1783 903 1822 nec
921 1763 1037 1822 felicior
1053 1763 1112 1822 suit
1129 1766 1203 1837 Ses-

111 1869 217 1928 gerus‚
235 1868 307 1906 cum
320 1856 372 1905 sut
393 1849 444 1908 καλ
463 1843 508 1925 μὴ
529 1839 708 1910 ταῦτ’·ελναι
731 1843 941 1931 στρατιωτικά,
965 1842 1092 1920 nutele
1116 1842 1202 1912 ταῦτ’

112 1931 190 1999 εἶναι
215 1927 408 2014 στρατιωτικά
431 1931 591 2008 legendum
623 1942 763 1991 censeret.
812 1932 848 1991 V.
874 1931 966 1990 Ilissii
988 1932 1110 1992 Classici
1137 1924 1200 1995 Lll.

110 2039 142 2098 p.
167 2019 238 2082 234.
281 2017 325 2075 De
344 2015 468 2073 Weiskii
495 2015 611 2076 ratione
635 2016 736 2090 taceo,
766 2018 877 2096 quippe
907 2013 979 2075 setis
1006 2018 1203 2091 confutetur

111 2098 363 2161 Reuehensteinio
379 2100 534 2158 llissertet.
547 2120 578 2179 p.
594 2100 645 2166 55.
660 2099 706 2159 ed.
722 2103 801 2180 Lips.
825 2118 982 2158 sosrssren.
1091 2166 1093 2171 .
1121 2105 1125 2113 '

176 2186 210 2244 P.
234 2189 280 2250 14.
302 2205 333 2244 r.
356 2190 407 2248 27.
429 2183 480 2246 καὶ
499 2188 571 2263 μ’λαν
589 2219 632 2230 -
645 2184 767 2265 δέοντα]
799 2186 877 2244 ctist
889 2184 1018 2262 Etymol.
1032 2184 1071 2243 M.
1088 2207 1113 2245 e.
1129 2178 1203 2262 73¹6,

111 2272 142 2337 6.
165 2270 238 2329 Item
259 2267 383 2329 Photius
403 2289 428 2325 e.
449 2270 521 2332 409.
544 2269 682 2327 omittens
700 2273 758 2332 τοῦ
773 2280 840 2328 ante
861 2269 976 2338 ποιεῖν,
995 2287 1049 2326 suo
1073 2270 1203 2348 quidem,

110 2356 236 2434 opinor,
256 2354 415 2429 arbitratu,
435 2353 590 2432 ceteroqui
612 2374 672 2413 non
692 2355 777 2418 susle.
804 2355 840 2414 V.
860 2362 922 2414 not.
942 2351 981 2411 sd
993 2374 1024 2432 p.
1040 2359 1088 2419 10.
1103 2370 1134 2414 ν.
1155 2361 1203 2422 18.
1273 2392 1277 2407 .

112 2450 272 2501 scarnen.
541 2476 543 2481 2
1056 2476 1059 2481 ·
1133 2474 1151 2479 ··
1179 2468 1193 2479 ··

173 2526 206 2583 P.
231 2523 281 2588 14.
303 2544 333 2581 v.
355 2528 408 2588 27.
429 2523 479 2587 ιιαλ
501 2525 571 2600 μίαν
593 2518 732 2597 σύνταξιν
753 2546 780 2586 κ.
800 2546 826 2585 τ.
844 2522 887 2600 λ]
915 2521 999 2582 llaec
1014 2525 1159 2584 sententie
1169 2525 1205 2584 in

111 2610 203 2669 tertia
218 2607 396 2686 Olynthioca
417 2609 564 2686 repetitur
583 2616 615 2666 et
638 2608 748 2673 clarius
770 2608 953 2709 explicetur:
973 2603 1028 2687 τὴν
1043 2603 1139 2686 αὐτὴν
1151 2611 1206 2687 τοῦ
1284 2614 1286 2625 '

110 2696 230 2774 λαβεῖν,
251 2698 307 2755 τοῦ
327 2688 537 2773 στρατεύεσθαι
561 2701 616 2751 stc.
643 2685 726 2766 τάξιν
747 2711 889 2768 παινγσας.
931 2692 1036 2749 Exstat
1050 2692 1141 2751 huius
1157 2713 1205 2751 or.

113 2777 247 2853 gumensi
265 2786 329 2836 tots
340 2778 436 2835 oratio
451 2777 521 2858 περὶ
532 2772 712 2849 συντάξεως,
735 2775 787 2834 ubi
810 2777 847 2834 de
866 2775 926 2835 hoc
949 2775 1096 2833 vocabulo
1116 2776 1206 2854 plura

111 2862 225 2921 dicturi
237 2880 349 2919 sumus.
366 2879 466 2920 ποατ.
1193 2898 1197 2909 ,

177 2947 210 3006 P.
236 2949 285 3009 14.
306 2965 336 3005 v.
357 2950 408 3008 27.
431 2944 503 3024 μίαν
518 2935 675 3020 σύνταξιν]
701 2941 772 3020 μίαν
784 2938 839 3016 τὴν
861 2936 1001 3016 σύνταξιν
1016 2941 1107 3002 Paris.
1123 2950 1211 2999 octe-s

111 3050 187 3105 vus,
199 3030 312 3089 Herlei.
355 3031 428 3089 Post
442 3029 515 3107 μίαν
527 3027 647 3085 ridetur
661 3021 783 3087 πάντων
798 3027 908 3085 deesse.
930 3050 1020 3085 unum
1035 3025 1113 3084 hunc
1130 3048 1207 3084 een·
1244 3051 1247 3058 ’

113 3112 236 3195 demque
253 3117 368 3172 censum
379 3136 437 3171 esse
452 3114 590 3172 omnium.
614 3106 751 3185 σάνταξις
768 3121 812 3169 est
832 3132 937 3171 census
958 3130 1011 3169 scu
1032 3110 1206 3184 nesh‘rnsllo,

112 3199 244 3272 taxatio,
269 3209 412 3277 quantum
426 3200 489 3256 sive
506 3196 543 3254 de
565 3216 618 3252 suo
637 3196 675 3253 ad
689 3197 879 3255 necessitates
895 3198 970 3275 reip.
989 3197 1123 3271 consere,
1144 3195 1208 3256 sive
1305 3224 1309 3231 ·

113 3304 154 3341 ex
178 3281 294 3341 aerario
315 3302 371 3360 pro
393 3281 531 3341 mercede
548 3300 662 3358 ¹operae
682 3280 758 3360 reip.
782 3272 905 3339 navatae
925 3281 1038 3339 referre
1060 3289 1206 3360 oporteat.
1230 3351 1232 3357 y

112 3365 192 3425 citat
207 3365 272 3425 l1.l.
288 3354 434 3445 llsrpocr.
452 3385 482 3425 v.
500 3358 644 3438 σύνταξις.
666 3356 761 3421 insse
792 3358 933 3439 elevatae
946 3364 978 3423 h.
991 3358 1012 3423 l.
1028 3384 1094 3439 ¹non
1109 3360 1208 3425 differt

113 3474 130 3509 o
155 3446 282 3531 simplici
302 3447 400 3524 τάξις,
428 3470 487 3526 quo
509 3449 617 3507 Orator
641 3448 677 3506 de
704 3446 764 3506 hoc
785 3449 850 3529 ipso
880 3457 1053 3529 argumento
1081 3448 1207 3529 loqueris

113 3533 213 3593 utitur
229 3536 260 3593 in
276 3533 398 3615 Olyntlr.
415 3532 464 3591 Ill.
481 3554 506 3591 c.
522 3533 586 3605 fin,
606 3532 657 3591 ubi
673 3533 798 3613 opponit
811 3526 943 3611 α’τάξίαν.
967 3536 1123 3592 sciuernn.
1167 3604 1169 3609 y

180 3620 211 3676 P.
235 3623 284 3682 14.
306 3639 336 3677 ι’.
360 3624 410 3684 28.
433 3612 511 3691 οὕτω
534 3639 599 3689 πως
621 3611 695 3681 derv
722 3608 902 3698 πραγμάτων
949 3618 1041 3696 igitur
1063 3610 1136 3682 άνευ
1157 3616 1208 3679 τά·

113 3708 204 3778 ξεως,
228 3696 380 3775 άτάκτως,
404 3700 486 3780 quod
509 3721 601 3778 supra
621 3700 718 3758 lenius
738 3698 855 3781 <linerat
871 3696 973 3776 ὀυτως
988 3695 1029 3776 ὥς
1051 3697 1206 3782 βούλεσθε.

95 3789 153 3854 ,V.
168 3797 229 3845 not.
245 3787 282 3845 ed
296 3808 327 3845 v.
345 3787 398 3851 202
421 3806 578 3843 susurres.

182 3872 215 3929 P.
240 3872 288 3936 14.
310 3890 339 3931 ν.
362 3876 413 3936 28.
436 3864 617 3950 πραγμάτων
633 3865 804 3950 λαμβάνετε]
826 3864 1009 3952 πραγμάτων
1027 3873 1121 3929 ταῦτα
1139 3873 1209 3946 λαμ-

23 3972 27 3976 ’
112 3947 221 4037 βάνετε
239 3956 331 4014 Paris.
351 3957 464 4035 primus
490 3964 519 4013 et
539 3954 669 4032 quintus.
697 3952 859 4034 λαμβάνειν
881 3955 934 4014 dat
950 3954 1056 4010 stsr.
1078 3953 1109 4010 in
1125 3961 1208 4011 texto

114 4061 187 4099 curn
209 4041 330 4116 vulgato
352 4040 563 4120 superscripta.
594 4044 687 4099 ταῦτα
711 4033 870 4119 λαμβάνειν
890 4041 934 4110 εἰς
954 4038 1060 4096 Aldina
1077 4036 1207 4117 Toylori'.

114 4144 213 4183 suist.
245 4123 359 4183 Addidi
374 4128 484 4196 ταῦτα,
506 4123 587 4202 quod
601 4133 631 4181 et
645 4122 760 4180 oddsurt
776 4123 864 4182 codd.
883 4122 916 4181 Ε.
930 4121 986 4179 Dd.
1004 4123 1053 4180 Ee.
1068 4123 1098 4181 i'n
1112 4132 1208 4197 textu,

114 4219 146 4267 et
161 4208 199 4281 Q.
213 4208 293 4269 inter
307 4208 410 4270 lineos.
430 4227 538 4270 suess.
570 4211 662 4271 ταῦτα
684 4207 950 4269 omisitBekkerus
966 4226 1035 4266 eum
1048 4208 1208 4287 setigero.

115 4312 276 4353 souuerse.
642 4324 646 4331 ·

939 4324 1008 4443 oe
