2768 4724
117 202 202 304 xso
284 211 353 239 -·
441 192 955 274 -rassrarrones

160 376 285 436 alienam
314 374 434 454 culpam
463 383 616 454 praestare
641 395 702 434 non
720 374 875 460 debemus.
919 375 992 436 Vale
1015 387 1045 438 et
1069 353 1129 440 hoc
1151 381 1255 444 labore

101 538 108 545 ,
158 475 268 539 fructi.
310 476 443 539 Lutetiae
455 496 534 537 anno
549 479 607 538 olo.
624 477 666 537 lo.
680 477 771 539 LXX.
788 478 916 539 Kalend.
930 472 1016 540 seer.

114 976 117 987 1
239 880 310 954 10.
338 879 692 979 Bnnnnnrus
725 879 1170 957 TYPOGRAPHUS

593 1016 812 1078 LECTORI.
899 1012 904 1023 ’
1129 1028 1132 1033 <
1200 1014 1205 1023 ·

175 1255 178 1259 ‚
218 1189 294 1247 Cum
310 1187 468 1247 duodecim
487 1187 596 1247 abhinc
609 1207 703 1246 annos
719 1189 884 1248 Gulielmus
904 1188 1049 1248 ltloreliua
1070 1187 1253 1248 Demosthe-

152 1311 242 1366 nem,
265 1294 418 1350 oratornni
430 1291 560 1350 omnium
573 1291 661 1349 lacile
676 1290 854 1369 principem,
879 1292 960 1370 typis
973 1290 1114 1353 mandare
1128 1291 1252 1370 coepis-

153 1407 217 1471 set,
246 1405 276 1454 et
297 1393 375 1453 hanc
398 1390 558 1452 editionem
586 1391 716 1469 primum
742 1392 910 1451 turbulenti
939 1393 1121 1472 reipublicae
1140 1402 1250 1466 motus,

151 1499 289 1576 bellaque
302 1497 455 1570 intestina,
479 1504 512 1553 et·
521 1493 684 1553 difficultas
697 1493 743 1551 rei
759 1493 911 1552 familiaris
925 1513 967 1568 ex,
978 1494 1064 1555 malis
1085 1494 1252 1557 communi·

150 1599 207 1659 bus
222 1608 305 1673 nata,
327 1596 524 1656 intermittere
553 1595 732 1672 coegissent:
762 1595 871 1655 deinde
893 1596 956 1654 eius
978 1595 1038 1656 viri
1062 1614 1143 1655 mors
1163 1595 1275 1655 brevi·

68 1757 84 1783 Ι,
150 1710 309 1761 consecuta
330 1691 424 1758 totam
447 1697 576 1756 remita
595 1696 789 1778 impedisset,
810 1707 846 1756 ut
864 1699 1025 1777 perexigua
1050 1707 1081 1757 et
1103 1708 1251 1776 perquam

148 1805 249 1863 tenuis
270 1822 339 1881 spes
367 1799 431 1859 eius
455 1798 493 1856 de
516 1798 634 1876 integro
665 1799 878 1877 aggrediendae
896 1800 1132 1878 relinqueretur:
1163 1799 1251 1858 nobis

149 1905 290 1978 tandem,
315 1921 392 1963 anno
410 1899 582 1978 superiore,
612 1899 747 1977 Gregorii
770 1902 948 1961 Nazianzani
968 1901 1006 1961 ab
1027 1901 1137 1961 Iacobo
1159 1902 1249 1962 billio
1317 1936 1331 1975 ,-

93 2023 98 2033 ·
149 2007 302 2080 Brunaeo,
325 2006 354 2063 S.
371 2002 524 2063 Michaelis
539 2001 571 2060 in
583 2001 689 2061 Ererno
715 2002 839 2077 abbate,
862 2004 928 2062 viro
950 2003 1059 2063 littaris
1081 2002 1194 2081 graecis
1216 2012 1248 2062 et
1335 2004 1337 2009 ’

148 2107 263 2183 latinis,
286 2107 427 2186 omnique
441 2104 579 2164 doch-ina
595 2104 713 2163 liberali
726 2104 897 2185 perpolito,
925 2104 959 2164 in
978 2105 1105 2164 latinum
1127 2091 1250 2164 sermo-

31 2242 35 2253 ι
145 2224 215 2266 nem
231 2207 369 2267 conversi
382 2207 513 2268 editione
528 2204 679 2282 absoluta,
699 2207 733 2265 in
743 2217 872 2267 mentem
885 2207 969 2266 venit
978 2251 987 2282 ,
1008 2206 1247 2281 Demosthenem,

147 2329 236 2388 quem
252 2309 290 2367 ab
306 2302 442 2368 omnibus
457 2326 631 2386 graecarum
642 2306 798 2367 literarum
811 2309 911 2369 studio
926 2308 1037 2370 deditis
1050 2309 1140 2369 valde
1155 2309 1249 2368 amari

145 2420 235 2489 atque
252 2410 352 2488 expeti
370 2410 551 2485 sciebamus,
574 2408 734 2488 aliquando
758 2421 909 2490 repetere,
940 2412 1063 2497 eiusque
1087 2411 1249 2472 editionem

144 2509 313 2570 inchoatam
328 2508 465 2576 relictam
478 2511 644 2572 absolvere.
688 2510 744 2569 eui
757 2515 840 2571 oneri
854 2513 1026 2572 sustinendo
1042 2533 1111 2573 cum
1133 2512 1248 2572 hume·

145 2632 196 2673 ros
214 2622 334 2672 nostros
349 2612 498 2673 invalidos
522 2634 588 2674 esse
608 2611 697 2671 facile
718 2612 967 2694 intelligeremus,
990 2614 1054 2672 sive
1073 2617 1189 2672 sumtus
1213 2612 1246 2669 i'n

144 2736 181 2777 ao
194 2715 314 2799 negotio
331 2713 487 2774 faciendus
495 2759 504 2790 ,
526 2698 765 2774 sive'difficultas
778 2714 811 2773 in
824 2716 972 2796 exemplo
992 2712 1245 2792 recognoscendo,

144 2818 175 2877 ‘et
195 2819 414 2896 scripturarum
438 2816 636 2876 varietatibus
658 2816 900 2894 considerandis,
931 2838 968 2878 ac
992 2816 1115 2876 scholiis
1139 2814 1245 2875 ordine

142 2918 337 2999 disponendis
358 2905 560 2996 spectaretur,
583 2920 727 2979 auxilium
748 2921 786 2980 eb
804 2919 868 2980 aliis
884 2921 971 2980 nobis
994 2919 1157 2999 petendum
1180 2903 1250 2976 esse

61 3067 64 3076 ,
143 3020 388 3081 existimavimus.
427 3019 466 3078 Et
479 3018 560 3097 quod
582 3020 621 3077 ad
644 3029 774 3077 sumtum
792 3019 913 3096 quidem
933 3021 1056 3092 attinet,
1082 3014 1166 3076 hunc
1187 3036 1246 3074 no·

142 3122 216 3180 dum
230 3140 290 3178 non
306 3128 367 3178 tam
382 3121 460 3197 cito,
482 3136 579 3199 neque
594 3119 682 3177 facile
704 3118 925 3198 expedivimus:
948 3121 1042 3179 altera
1059 3127 1160 3178 autem
1184 3112 1251 3177 dil-¹

141 3221 258 3280 ficultas
279 3240 341 3279 non
362 3220 461 3281 multo
481 3221 578 3280 minor
597 3221 740 3280 restabat:
770 3236 831 3299 qua
850 3222 904 3300 qui
928 3240 982 3280 nos
1005 3221 1162 3296 libentius,
1193 3230 1245 3279 aut

140 3324 257 3384 facilius
274 3323 409 3398 levaret,
432 3342 521 3402 quarn
536 3323 697 3401 Dionysius
711 3321 882 3397 Lambinus,
900 3322 1055 3383 literarum
1069 3342 1245 3401 graecarum

6 3470 23 3490 .·
139 3428 295 3511 professor
307 3424 426 3502 Regius,
440 3445 501 3484 non
515 3424 703 3484 videbamus.
733 3425 837 3503 ltaque
855 3443 923 3483 cum
937 3425 975 3483 ad
994 3444 1063 3484 eum
1089 3424 1244 3502 coniugis-

140 3549 255 3602 semus,
290 3526 328 3586 ab
353 3546 449 3605 eoque
472 3527 696 3607 petivissemus,
725 3535 761 3584 ut
781 3526 869 3585 nobis
889 3536 974 3586 tanto
1002 3527 1086 3587 oneri
1113 3527 1242 3586 ferundo

139 3628 302 3708 imparibus
320 3647 407 3706 opem
422 3630 529 3688 ferret:
550 3628 602 3688 ille
625 3630 786 3700 continuo,
805 3646 864 3707 pro
885 3648 939 3687 sua
965 3649 1035 3708 erga
1059 3650 1161 3689 omnes
1182 3629 1243 3689 hu*

138 3729 295 3801 manitete,
320 3736 350 3785 et
368 3748 426 3806 pro
445 3728 542 3788 suein
559 3730 660 3790 literas
674 3741 705 3788 et
717 3729 873 3789 literarum
890 3728 1042 3790 studiosos
1064 3751 1180 3805 amore,
1202 3729 1241 3789 da

138 3828 247 3906 quibus
263 3829 339 3886 bene
353 3830 486 3888 merendi
506 3848 603 3909 neque
628 3832 733 3907 linem,
760 3851 858 3911 nequa
871 3831 1006 3889 modum
1028 3834 1124 3891 ullum
1141 3831 1242 3891 lacero

135 3936 252 4005 potest,
275 3930 411 4006 quamvis
427 3940 506 3991 esset
517 3932 550 3991 in
567 3933 632 3993 aliis
645 3934 754 4011 rebus,
775 3934 873 4012 iisqne
887 3930 1069 3992 difficillimis
1091 3942 1121 3992 et
1141 3933 1241 3993 utilis-

136 4029 218 4087 simis
234 4028 278 4087 rei
295 4030 443 4091 literariae
458 4032 570 4093 futuris
591 4045 773 4116 occupatus,
795 4035 882 4093 nobis
904 4052 1025 4114 operam
1042 4052 1127 4092 suam
1146 4034 1240 4112 polli-

136 4126 216 4189 citus
232 4137 276 4189 est
291 4140 320 4189 et
333 4133 514 4211 promissum
529 4134 667 4197 exsolvit.
712 4135 803 4211 Quod
824 4136 851 4195 si
874 4136 937 4196 eius
958 4135 1179 4214 occupationes,
1202 4143 1238 4192 ut

136 4249 251 4291 summo
264 4231 330 4294 iure
347 4246 503 4318 poterant,
533 4238 576 4300 ita
601 4236 661 4298 hoo
683 4238 771 4300 nobis
797 4235 1000 4298 adiumentum
1032 4237 1238 4318 denegassent,
