2768 4724
70 198 72 202 '
161 219 257 284 ets
559 212 921 278 annoasaaonas

258 358 290 443 Ρ.
314 385 362 448 15.
384 405 414 444 v.
437 391 465 450 1.
487 380 597 460 εἰςτὰς
610 381 730 464 ἑορτάς]
754 383 892 445 Clausula
907 384 978 445 satis
994 387 1111 450 acerbe.
1145 389 1207 449 seu
1216 391 1282 469 quis

160 462 167 473 ’
182 457 312 545 'ignorat
322 469 455 529 Oraton's
468 469 616 530 lacertosi
641 488 798 529 scusaaaa.
1190 494 1193 509 .

256 570 290 629 Ρ.
314 573 363 636 15.
385 552 416 629 i'·
440 578 467 637 1.
486 566 595 646 155δή
609 564 730 646 toenio]
751 568 811 632 1551
827 567 860 632 ii
872 567 981 634 λονεδν
996 570 1062 633 Ald.
1077 575 1161 654 Tayl.
1186 594 1283 639 aelst.

137 652 141 657 ’
194 649 233 735 δὴ
244 654 333 714 unice
345 663 456 732 aptum.
474 652 609 717 :Proinde
622 651 763 735 reliquum
776 667 826 712 est.
846 675 1005 716 scameras.

257 757 290 816 P·
314 757 363 820 15.
384 774 414 814 ν.
438 762 466 819 1.
487 750 585 835 οἶμαι]
606 750 683 817 εἶναι
698 755 804 812 Bavar.
826 753 895 833 Ald.
916 756 1050 836 Taylori.
1071 779 1167 819 nassa.
1198 755 1285 841 οἶμαι

193 861 254 900 555
269 840 333 899 5155
345 860 494 900 sarcasmo
508 839 629 899 dictum.
652 836 687 897 V.
694 846 756 899 not.
765 839 804 896 sd
818 857 847 916 p.
857 844 908 904 24.
923 860 954 901 v.
967 847 1017 907 20,
1046 843 1153 903 lubere
1166 838 1284 918 πάντας

170 923 344 1007 aeluoipnv
373 923 446 1002 quid
473 922 555 982 aliud
583 933 647 982 erat
674 942 762 1000 quam
782 921 976 985 Athenienses
1001 927 1039 986 ad
1063 929 1165 986 vivum
1184 947 1282 1007 usque

193 1009 320 1069 secui-ci
346 1007 412 1067 Hoc
430 1009 605 1088 priusquam
621 1008 769 1080 facerent,
791 1027 860 1085 spes
877 1017 955 1084 emt,
973 1012 1198 1072 renuntiaturos
1217 1032 1282 1072 csse

193 1093 403 1167 delictionis,
423 1098 488 1166 τοῖς
498 1099 668 1173 θεωρικοῖς.
685 1109 843 1150 sensas-ea.
1271 1094 1274 1099 ’

139 1224 142 1235 ·
255 1197 287 1256 Ρ.
311 1196 360 1260 15.
383 1213 413 1252 v.
435 1199 465 1258 Ρ.
488 1193 616 1272 πολλῶν]
645 1191 765 1252 Scilicet
784 1189 952 1274 χρημάτων.
995 1196 1142 1257 115555551
1159 1198 1281 1258 Plutar-

193 1280 269 1340 chus
283 1278 403 1357 Crobyli
427 1278 554 1352 dictum,
576 1272 621 1342 δτι
634 1271 652 1341 δ
667 1273 796 1355 πόλεμος
812 1277 971 1359 τεταγμένα
997 1270 1035 1343 οδ
1053 1289 1187 1355 σιτεῖται,
1213 1283 1280 1342 bel-

186 1365 255 1424 'lum
275 1362 415 1423 deaneuso
438 1382 498 1423 non
516 1363 608 1442 pasci.
651 1362 689 1420 Et
707 1358 913 1438 thucydides:
935 1358 981 1426 δτι
996 1357 1014 1428 δ
1024 1359 1153 1446 πδλεμνς
1172 1361 1280 1447 ἥκιστα

191 1448 240 1512 tat
262 1449 366 1533 ῥητοῖς
392 1455 552 1529 προχωρεῖ,
581 1446 615 1505 id
637 1455 697 1522 eat,
723 1442 854 1504 incertos
880 1465 942 1505 ease
968 1449 1117 1510 beliorum
1144 1461 1278 1526 eventus,

187 1526 259 1609 'vel,
283 1542 318 1592 ut
340 1532 443 1591 Livius
468 1532 616 1610 loquitur,
648 1539 771 1590 eventus
791 1549 938 1609 nusquam
964 1533 1061 1593 511555
1087 1534 1278 1616 respondere,

191 1636 281 1700 quam
292 1620 323 1678 in
336 1616 432 1678 bellis.
451 1636 549 1677 wocr.

254 1720 286 1778 Ρ.
310 1719 359 1783 15.
380 1737 410 1776 ν.
433 1723 464 1782 2.
486 1719 535 1780 δεῖ
553 1713 586 1779 tt
607 1708 765 1796 χρημάτων
788 1740 815 1779 s.
836 1718 929 1800 551]
952 1720 1029 1779 Citat
1044 1718 1075 1779 h.
1088 1721 1109 1779 1.
1131 1720 1278 1781 Stobaeus

128 1855 130 1859 .
191 1802 314 1862 Gesneri
326 1823 357 1881 p.
370 1803 443 1874 504,
461 1807 491 1868 3.
515 1808 544 1860 et
564 1798 729 1859 Scholiasta
748 1799 940 1880 Hermogenis
956 1825 987 1884 p.
1002 1809 1074 1871 315.
1093 1825 1181 1884 quem
1195 1807 1278 1885 apud

84 1922 87 1926 ι
190 1887 384 1948 Scholiastam
402 1885 538 1947 lectionis
556 1883 635 1944 hanc
652 1885 750 1963 reperi
775 1885 1019 1966 discrepantiam,
1038 1883 1158 1960 πάντως
1181 1890 1212 1952 δὲ
1231 1893 1279 1953 δεῖ

189 1965 359 2052 χρημάτων.
381 1990 476 2030 nassa.
507 1973 609 2033 δεῖ-
634 1964 764 2034 δεόντων·
785 1971 857 2030 citat
875 1972 963 2031 eiiam
985 1971 1218 2053 Olympiodoaus
1236 1973 1275 2032 ad

190 2055 321 2117 Platonis
338 2050 528 2115 Phaedonem
549 2074 597 2132 ap.
621 2051 829 2132 Wyttenbacla.
848 2054 958 2116 Annot.
977 2055 1010 2116 in
1031 2054 1142 2117 Phaod.
1154 2079 1186 2139 p.
1203 2061 1274 2124 159.

188 2142 263 2203 Item
288 2136 468 2199 Theodorus
495 2135 623 2198 Motoch.
646 2159 678 2218 p.
697 2140 770 2205 555.
811 2138 880 2198 8515
902 2142 950 2203 δεῖ
969 2137 1002 2203 δὲ
1027 2135 1188 2225 χρημδτων
1205 2143 1277 2204 citat

183 2223 367 2287 ¹scholiastes
382 2224 421 2282 od
435 2224 536 2303 Emip.
549 2219 660 2282 Phoeu.
675 2227 746 2290 438.
758 2245 790 2304 p.
808 2229 876 2290 107.
892 2223 939 2283 ed.
957 2223 1062 2284 Mettis.
1086 2246 1245 2287 scamaras.

249 2344 283 2403 Ρ.
307 2344 357 2409 15.
378 2362 407 2400 a.
427 2347 459 2407 2.
481 2344 531 2405 δεῖ
552 2340 583 2404 δὲ
604 2334 777 2422 χρημάτων]
810 2339 878 2400 Ald-
903 2344 951 2405 δεῖ
969 2340 1006 2420 δὴ
1029 2338 1197 2424 χρημάτων.
1239 2347 1274 2405 15

72 2464 74 2470 ·
188 2437 290 2488 nostro
310 2429 361 2490 δεῖ
373 2424 406 2489 δ1
421 2421 594 2506 ’χρημάτων
640 2426 724 2500 Quae
743 2426 886 2485 sententia
908 2427 932 2485 si
956 2446 1088 2506 unquam
1114 2429 1172 2488 suit
1191 2447 1273 2503 vem,

188 2523 267 2574 ceste
286 2510 345 2570 hoc
362 2512 466 2571 seculo
486 2510 617 2569 omnium
637 2520 683 2569 est
694 2511 855 2569 verissima.
897 2511 1049 2589 Siquidem
1067 2506 1143 2575 δνεν
1158 2507 1274 2576 conisus

179 2593 229 2680 poi
244 2591 341 2678 μδνον
353 2602 414 2659 νεῖν
430 2592 577 2665 δεόντων,
596 2587 668 2657 itti
681 2594 733 2657 soi
747 2599 808 2657 sois·
823 2590 996 2674 ἀναγκαίων
1013 2591 1103 2658 ον’δῖν
1119 2596 1180 2660 ion
1192 2599 1274 2678 γενέ·
1316 2626 1323 2637 ’

186 2689 393 2746 5555555515
422 2678 455 2744 δὲ
475 2681 562 2740 etiam
576 2678 686 2739 Harlei.
728 2678 786 2736 Sed
807 2675 846 2755 δὴ
868 2680 940 2738 dont
958 2684 1144 2757 Augustanus
1164 2701 1273 2739 55555-
1311 2720 1313 2729 ι

92 2789 94 2794 ·
186 2768 257 2839 dns,
270 2766 361 2826 Paris.
379 2765 510 2844 primus,
530 2763 650 2838 tertius,
671 2762 809 2842 quintus,
825 2763 893 2822 ald.
906 2763 989 2822 Paul.
1001 2765 1111 2824 Manat.
1153 2765 1274 2830 Utram-

184 2870 244 2933 que
263 2851 420 2911 lectionem
444 2850 496 2908 dat
517 2845 745 2921 Bava1·icus‚ii
769 2850 919 2921 intexto,
938 2843 977 2926 δὴ
1000 2868 1091 2928 super
1109 2866 1208 2909 versu.
1239 2850 1274 2913 ii

185 2939 268 2996 abest
289 2937 449 2993 siim-occ.
471 2953 567 2991 5555.
589 2933 676 3007 valg.
697 2934 746 2995 δεῖ
765 2926 812 3009 δὴ.
856 2931 965 3010 Accepi
990 2933 1272 3001 exeditiouel’ari-

185 3022 247 3080 sina
264 3019 312 3094 (ii,
336 3018 418 3096 quod
433 3028 462 3076 et
475 3017 585 3075 habent
601 3016 689 3075 multi
704 3014 792 3075 codd.
808 3035 917 3075 socan.
937 3013 977 3096 cisi
993 3019 1080 3076 etiam
1094 3017 1272 3079 Theodorus
1363 3051 1366 3056 ·

184 3102 346 3170 11555151.
360 3122 385 3160 5.
415 3101 506 3160 15155
520 3099 709 3181 probandum
724 3098 763 3163 δέ.
784 3119 941 3158 55555555.
1381 3118 1383 3125 ’

236 3212 280 3280 Ῥ.
303 3221 352 3286 15.
374 3240 403 3277 v.
426 3225 455 3284 8.
476 3211 566 3284 οὐδέν
586 3217 664 3297 ἐστι]
686 3216 812 3276 Bokkcr.
832 3225 863 3276 et
882 3217 1021 3298 liudigea.
1042 3210 1130 3285 ὀδδὲν
1151 3221 1211 3286 ἔστι
1232 3242 1271 3283 ex

181 3313 344 3387 praecepto
372 3302 534 3365 Hermanni
558 3300 736 3362 retrahentis
760 3312 915 3363 accentum
940 3303 973 3363 in
995 3304 1055 3364 hoc
1077 3305 1190 3381 verbo,
1220 3307 1271 3366 ubi

181 3388 328 3468 significat
350 3382 427 3449 licet.
471 3389 507 3447 Et
528 3387 573 3446 sic
591 3387 714 3467 ubique.
756 3384 836 3444 Nihil
856 3386 893 3446 de
916 3385 973 3447 hac
993 3411 1043 3465 ae,
1066 3392 1150 3468 quod
1168 3391 1269 3464 sciam,

181 3483 298 3535 veteres
325 3472 477 3549 Technici‚
505 3473 640 3552 quemvis
666 3469 786 3550 copiose
817 3480 936 3547 ageaatcs
964 3473 1001 3533 de
1029 3473 1109 3548 illius
1135 3483 1269 3533 occentu.

183 3559 243 3632 Qui
268 3558 353 3634 vult,
380 3557 529 3619 imitetur:
560 3576 614 3636 ego
639 3554 801 3615 consultius
815 3555 908 3613 duco
935 3555 965 3615 in
993 3558 1073 3616 omni
1091 3569 1270 3619 accentuum

181 3643 320 3703 (1555155
336 3643 394 3702 iam
415 3643 484 3703 indo
502 3640 665 3721 antiquitus
684 3640 844 3699 constituta
865 3637 940 3698 nihil
957 3662 1086 3717 novare,
1110 3644 1163 3703 sed
1183 3651 1269 3701 vete-

180 3748 247 3795 rum
260 3728 345 3807 sequi
357 3729 572 3787 auctoaitatem.
588 3743 746 3787 55555555.

243 3831 275 3888 P.
299 3830 347 3898 15..
369 3849 399 3887 v.
420 3837 450 3897 8.
477 3829 616 3911 γενέσθαι
641 3832 702 3888 τῶν
721 3819 876 3907 δεόντων]
905 3819 1269 3900 sustenementum·

180 3914 360 3974 1115555555.
377 3934 473 3973 nassa.
522 3913 588 3972 Hoc
609 3911 713 3970 ordine
734 3911 823 3971 etiam
842 3910 1017 3973 Theodotus
1037 3908 1166 3971 Metoch.
1194 3913 1214 3971 Ι.
1240 3933 1266 3971 5.

179 4018 337 4057 sumnam.

242 4099 275 4157 Ρ.
299 4099 348 4164 15.
371 4117 400 4157 v.
422 4103 451 4164 3.
473 4097 592 4180 λέγουσι
605 4089 794 4176 -εεόρονς]
815 4067 934 4179 tircanus
955 4096 1142 4169 δὲτενεςιαῖ
1158 4092 1268 4170 itione

177 4175 294 4264 πόρους
307 4184 399 4243 Pan‘s.
415 4192 551 4258 octavus,
567 4183 642 4256 Aug.
657 4180 745 4260 paimi
759 4182 905 4263 supplem.
923 4183 1076 4263 appendix
1086 4182 1267 4242 francofur-

178 4277 266 4343 tana,
282 4268 389 4327 Aldina
402 4267 540 4346 Tsyloai,
552 4265 661 4327 Harlei.
674 4285 771 4326 nassa.
