2768 4724
289 243 435 304 suern
463 239 1090 317 ornatore-uramentum,
1158 244 1240 339 ,ssa
1293 302 1296 307 .

223 412 339 473 Deinde
371 430 409 470 ns
435 407 514 468 illud
541 408 663 489 quidem
690 409 722 469 in
749 413 985 473 controversiam
1016 416 1117 490 venit,
1138 413 1256 495 haene

137 519 228 582 quam
244 520 298 556 nos
312 495 453 575 legimus,
489 492 525 551 de
548 491 703 552 Haloneso
721 499 818 555 aratia
828 495 963 580 firesitne
987 513 1046 556 tum
1066 498 1168 558 hodite
1184 522 1238 561 neo

137 604 183 642 ne.
217 614 257 628 ·-
286 584 380 640 Nemo
413 581 491 638 onim
521 579 553 637 id
579 599 713 657 unquam
742 580 892 639 dubitavit
916 601 1015 658 neque
1035 586 1236 643 recentiorum
1331 644 1340 651 ,

137 687 236 745 neque
265 676 411 726 veterum.
467 664 563 723 lmmo
599 663 737 722 rhetores
766 674 795 723 et
820 667 1012 742 grammatici·
1032 678 1166 745 veteres,
1188 676 1237 735 ¹ut

139 752 247 811 deinde
276 750 449 815 ostendam.
488 769 576 827 saepe
595 745 674 806 harre
693 750 856 808 orationem
875 759 908 808 ut
930 752 1087 825 genuinam
1108 772 1236 812 conante·

137 847 265 899 morant.
309 836 371 893 h'eo
388 850 461 892 vero
486 834 517 891 in
536 855 570 892 ea
584 833 750 911 quidquam
777 842 836 907 est,
867 835 949 913 quad
973 846 1025 894 aut
1052 858 1069 895 a
1092 839 1235 897 sermonis

34 950 37 955 ·
137 921 247 995 Attici,
292 920 342 999 qui
378 928 546 990 tumeret,
591 919 753 993 elegantia,
797 927 849 977 ant
876 919 914 976 ah
938 917 1081 981 historiae
1107 922 1235 981 veritate

138 1005 307 1064 abhorreat.
351 1004 448 1063 hnmo
458 1003 525 1080 ipsa
537 1003 588 1060 illa
610 1003 754 1061 orationis
772 1003 973 1085 simplicitas,¹
986 1025 1075 1083 quam
1098 1006 1235 1066 nonnulli

136 1090 333 1149 Demosthene
345 1088 497 1163 indignam
513 1087 576 1145 artai
593 1097 662 1145 sunt
675 1086 792 1161 dicere,
816 1100 906 1167 atque
921 1087 1001 1148 haec
1013 1091 1049 1148 ab
1072 1093 1129 1149 alia
1151 1112 1185 1150 rs
1196 1091 1236 1150 ad

136 1175 225 1234 aliam
244 1173 418 1234 transeundi
440 1172 575 1229 celeritas
599 1171 729 1231 ostendit
743 1170 874 1231 habitam
896 1193 960 1232 esse
977 1174 1007 1232 in
1027 1196 1059 1235 re
1082 1174 1235 1254 praesenti

48 1262 57 1279 ”
136 1263 320 1335 orationem,
342 1277 403 1316 non
418 1256 488 1315 vani
506 1254 634 1331 rhetoris
650 1276 712 1315 esse
726 1256 970 1323 declamationem
984 1260 1079 1318 multo
1093 1270 1164 1339 post
1179 1280 1236 1323 sx-

135 1345 304 1420 cogitatam.
347 1342 416 1400 lluc
435 1341 566 1414 accedit,
588 1340 620 1399 id
643 1341 724 1419 quod
741 1343 833 1401 misor
849 1362 906 1402 non
922 1344 1166 1414 animadvertisne
1188 1342 1234 1403 in·
1312 1372 1318 1397 ι

48 1488 52 1493 ,
134 1437 297 1509 terpretes,
344 1445 482 1485 mancum
515 1424 736 1504 quodammodo
767 1437 796 1485 et
822 1428 1029 1507 imperfectum
1057 1448 1120 1487 esse
1147 1449 1232 1508 opus.

133 1513 291 1571 Praefatur
306 1512 384 1570 enim
400 1521 502 1570 orator
520 1518 562 1590 (p.
579 1516 631 1585 77,
654 1510 705 1586 6),
728 1512 906 1591 septimum
928 1513 969 1571 ad
986 1513 1143 1591 epistolam
1162 1512 1232 1573 Phi·

133 1597 227 1675 lippi,
263 1595 370 1655 deinde
392 1594 499 1670 adea,
528 1615 604 1674 quae
628 1595 717 1670 legati
738 1595 887 1668 dixerint,
916 1616 1133 1675 responsurum
1157 1618 1230 1659 esse.
1291 1618 1295 1628 ·

131 1682 196 1740 Iam
210 1683 247 1740 de
261 1681 385 1761 epistola
399 1700 455 1759 per
469 1689 564 1738 totam
582 1679 715 1756 loquitur
734 1683 898 1739 orationem
906 1725 916 1755 ,
939 1682 1053 1758 legatos
1070 1682 1248 1746 oblivisci-7

131 1775 184 1824 tur
197 1765 240 1846 ²).
285 1766 324 1823 At
345 1764 405 1823 hoc
421 1764 541 1842 quidem
562 1763 756 1823 declamatori
782 1766 919 1824 accidere
935 1778 1015 1824 certe
1033 1786 1094 1825 non
1110 1769 1231 1846 potuit,

132 1849 322 1910 Demostheni
339 1851 559 1926 curpetuerit,
581 1850 671 1928 paulo
689 1859 759 1927 post
776 1850 953 1913 videbimus.

74 2010 80 2021 Ι
218 1938 320 2008 Quare
336 1953 427 2012 qnam
444 1943 472 1990 et
491 1933 582 2005 haec,
605 1953 693 2012 quam
711 1935 853 2011 legimus,
877 1935 973 1994 oratio
994 1917 1046 1994 illa
1072 1937 1232 1998 occasions

132 2021 224 2080 fuerit
241 2019 425 2098 composita,
455 2026 486 2077 et
512 2018 636 2077 similem
661 2019 871 2078 Demosthenes
892 2020 1059 2078 raecessaria
1078 2020 1230 2098 habuerit,

132 2115 227 2164 restat
239 2115 273 2164 ut
289 2105 471 2186 probemus,
492 2100 589 2183 hanc,
619 2117 823 2186 quaeexstet,
852 2101 1013 2165 esseillam
1030 2103 1233 2167 Demosthenis

130 2193 300 2250 orationem.
340 2242 349 2268 4

233 2388 350 2458 ctesiph.
368 2404 395 2457 p.
413 2385 477 2444 475:
491 2380 638 2458 Ἀλόνησσν
653 2384 749 2459 tettan
770 2381 797 2451 (d
816 2388 974 2454 Diisunoel·
993 2382 1008 2443 ὅ
1024 2383 1055 2444 dl
1071 2386 1230 2458 (Aeneadi-
1307 2434 1311 2439 -

138 2482 142 2487 ·
232 2453 1035 2596 nnnunrttttsn“utensltin
1047 2453 1230 2597 tiam

234 2614 294 2660 see,
318 2591 490 2661 ainudidorslv
505 2611 550 2648 σοι
566 2592 601 2647 eal
612 2597 673 2648 τῶν
685 2597 925 2667 δειπνοσοφιστῶν
940 2568 1061 2663 ieiunia
1074 2549 1173 2654 antidosi
1186 2599 1231 2654 dd·

234 2667 335 2730 δομεν,
354 2659 392 2724 ὡς
407 2659 422 2717 ὁ
436 2665 604 2730 Κοθωκίδης
618 2664 686 2747 φησὶ
708 2661 800 2745 ’ῥήσιος
815 2663 1003 2732 Δημοσθένην
1021 2664 1174 2735 aeuitur,
1197 2660 1231 2731 de
1305 2684 1310 2691 ·

240 2735 378 2786 Φιλίππου
400 2728 556 2801 Ἀθηναίοις
566 2726 712 2801 Ἀλονησον
733 2734 860 2794 διδοντος
876 2730 1056 2802 συνεβούλευε
1070 2735 1106 2803 μ’
1123 2731 1230 2806 lautici-
1325 2765 1329 2775 ·

138 2806 140 2810 ’
236 2820 303 2867 veta,
323 2802 484 2865 elusanam,
503 2796 571 2854 <ittet
582 2799 620 2869 μὴ
637 2800 818 2867 ἀποδίδωσιν,
836 2794 902 2867 ὅπερ
911 2796 1080 2872 Ἀντιφάνης
1091 2756 1124 2859 iu
1138 2808 1229 2861 Νεοτ-

236 2872 294 2924 etde
304 2869 421 2924 παιδιὰν
433 2869 552 2935 θέμενος
567 2867 698 2937 ἐρεσχελεῖ
708 2869 788 2924 τόνδε
803 2867 852 2924 τὸν
866 2866 979 2937 τρόπον·
1116 2894 1119 2899 ·
1193 2890 1204 2903 ’

359 2935 375 2994 ὁ
394 2937 528 3007 δεσπότης
546 2936 576 2993 di
593 2942 687 2994 πάντα
703 2941 738 2994 eci
755 2938 832 3005 παρὰ
848 2944 898 2994 τοῦ
916 2936 1021 3008 πατρὸς
1041 2979 1045 2991 .

356 3005 491 3080 ἀπέλαβεν
509 3005 600 3078 ὥσπερ
617 3006 719 3081 ἔλαβεν·
738 3005 878 3078 ἠγάπησεν
896 3001 931 3062 ἂν

360 3077 393 3133 cd
411 3078 488 3148 drino
498 3081 582 3134 τοῦτο
597 3077 765 3151 παραλαβών
779 3086 805 3133 Δ
823 3078 972 3148 pontiane.

230 3149 338 3202 Deinde
364 3148 484 3200 aliorum
508 3150 594 3201 verba
617 3151 792 3202 comicorum
806 3098 926 3214 laudat,
959 3145 1065 3210 Alexis,
1089 3144 1228 3212 Anaxilae,

232 3217 365 3271 Timoclis
390 3217 489 3270 eadem
516 3218 551 3270 de
574 3234 605 3269 re
631 3218 845 3272 Demosthenem
861 3215 1046 3270 irridentium.
1082 3212 1163 3266 Illum
1181 3231 1229 3266 su-

232 3297 293 3340 tem
317 3287 478 3355 Antiphanis
501 3285 598 3339 locum
617 3296 651 3341 et
675 3287 852 3352 Plutarchus,
890 3287 920 3337 in
945 3287 1002 3337 vita
1028 3283 1219 3337 Demosthenis

235 3364 452 3421 commemorat,
487 3356 527 3407 ita
544 3373 676 3426 pergens:
696 3356 770 3424 πρὸς
785 3355 834 3414 τὸν
855 3349 925 3422 sisela
941 3350 1090 3422 Ἀλονὴσσν
1112 3322 1229 3431 itineri

230 3421 393 3498 Ἀντιφᾷνης
409 3423 489 3479 tanei
506 3423 646 3513 πέπαιχεν,
665 3420 881 3495 ἣνἎθηνιιίσις.
893 3423 1078 3493 Δημοσθένης
1096 3418 1237 3496 σύνεβοῦ·“
1330 3452 1333 3458 -

234 3499 295 3548 teas
312 3492 350 3561 μὴ
369 3492 534 3563 λαμβάνειν,
553 3489 609 3548 ἀλλ’
628 3494 833 3567 οπολαμβοὶνειν
848 3493 926 3562 παρὰ
945 3494 1095 3548 Φιλίππου.

265 3564 345 3625 ,Hinc
365 3571 440 3630 patet
463 3563 633 3633 Philippum,
666 3565 695 3617 in
718 3565 834 3633 epistola
858 3564 894 3615 sd
918 3563 1095 3615 Athenienses
1120 3559 1228 3629 olymp.

234 3631 309 3693 CIX,
334 3630 448 3695 iidata,
482 3633 697 3685 Demosthenem
720 3634 840 3685 maxime
857 3632 1027 3705 significare,
1058 3646 1144 3698 quum
1163 3628 1232 3680 dicit

234 3701 272 3762 (v.
291 3699 430 3752 Demosth.
449 3698 492 3751 ed
511 3699 601 3754 Reisk.
619 3719 646 3771 p.
667 3705 725 3768 162,
743 3702 761 3755 l.
782 3705 840 3770 16):
857 3699 987 3762 διδόντος
1004 3697 1096 3767 (ἐμοῦ)
1113 3697 1165 3765 τήν
1182 3698 1230 3766 νῆ’

234 3786 302 3908 para,
334 3768 374 3822 ol·
385 3764 500 3837 direpte
515 3768 667 3840 λαμβάνειν
683 3768 734 3839 μὶν
752 3767 804 3826 otis
821 3771 899 3839 einr,
933 3766 1085 3840 ἀπολαβεῖν
1105 3764 1136 3820 δὲ
1155 3783 1229 3821 συνε-

253 3857 286 3892 ον
304 3856 377 3893 euna.

184 3929 211 3993 2)
230 3928 356 3997 Namque
374 3932 470 3978 orator
486 3923 581 3977 locam
601 3927 633 3976 de
653 3926 810 3992 cavelianis,
836 3925 884 3996 qui
901 3923 1033 3978 orationis
1050 3920 1162 3974 ultimus
1182 3928 1231 3986 est,

236 3995 277 4046 his
294 3994 391 4065 incipit
407 3993 498 4045 verbis
515 4010 542 4064 p.
562 3997 611 4060 86,
638 3998 687 4050 to:
711 3994 774 4063 saepi
792 3993 823 4050 di
842 3991 1017 4062 Kentourinon
1037 3984 1056 4045 di
1074 3989 1232 4045 incasit·

237 4069 290 4118 iss
315 4061 384 4133 πρὸς
410 4059 549 4132 ἡμᾶςεῐο.
575 4067 594 4118 i.
614 4078 637 4116 e.
657 4071 726 4132 nicae
751 4069 777 4114 in
796 4067 909 4131 epistota
929 4063 1030 4111 miln't.
1070 4063 1129 4111 llnc
1157 4061 1232 4112 enim
1322 4090 1327 4097 ·

236 4132 437 4202 significatione
462 4133 518 4184 iam
563 4175 569 4188 .
593 4135 643 4200 77,
669 4132 687 4189 4
714 4126 732 4187 ἃ
756 4135 893 4196 Φίλιππος
913 4129 1071 4197 ἐπέσταλκε,
1106 4128 1233 4199 opposita

238 4212 317 4253 erant
334 4201 400 4265 illis,
419 4195 478 4256 dui
494 4222 531 4269 πρ
545 4205 620 4273 σβεις
639 4203 753 4271 λέγουσι,
789 4203 960 4272 t'nde·pntet
972 4198 1009 4251 ad
1027 4198 1113 4251 finem
1130 4199 1233 4251 oratio-

163 4304 173 4316 ·
237 4272 278 4392 ‘dis
305 4286 390 4340 tistpas
415 4272 498 4322 verba
527 4272 590 4324 fieri
617 4272 652 4324 ds
678 4272 793 4341 epistola
826 4271 888 4337 illa,
924 4286 981 4321 non
1011 4269 1047 4322 de
1076 4267 1231 4341 legatorum

270 4341 329 4396 etis.
431 4354 434 4361 ·
