2768 4724
46 153 102 311 l'
187 180 285 287 2190]
367 158 370 163 Δ
554 200 926 289 suroreuronss

183 375 350 454 momenti,
371 395 465 456 quum
487 390 553 436 eam
570 373 622 434 vel
640 373 793 454 acquirere
813 373 900 434 nobis
918 374 968 443 vel
986 393 1047 436 non
1066 376 1201 437 amittere
1219 383 1284 436 stu-

192 461 325 521 deamus.
366 460 414 521 Ex
434 480 495 540 quo
515 459 623 538 negavi
640 458 702 518 dici
724 478 812 540 posse
838 463 979 540 πολεμεῖν
998 454 1074 543 ῦπίρ
1094 452 1287 535 διαστάσεως
1356 455 1360 463 ’

183 544 312 607 decise
328 547 398 623 (nec
410 547 488 604 enim
502 544 660 624 quisquam
673 544 770 603 benus
784 543 916 604 voluerit
926 545 1055 624 patriam
1067 567 1151 605 suam
1165 544 1285 623 everti),

195 631 249 691 sed
262 635 398 712 πολεμεῖν
406 627 476 708 secel
489 620 691 705 διαστάσεως,
705 647 744 687 ne
755 627 906 687 excidium
917 629 1035 709 patriae
1047 629 1111 710 δοες
1125 649 1223 707 neque
1237 647 1287 687 sa-
1377 696 1378 701 .

192 736 248 777 asae
264 714 370 775 mentis
385 705 643 794 Ιιοιιτοπολεμεῖῆ
655 705 915 794 κινδυνεῦειῦπίρ
927 717 981 777 τοῦ
993 708 1143 790 θανάτου,
1151 713 1204 773 sed
1217 711 1288 793 περ)

178 803 248 888 Ιτοῦ
260 791 415 874 θανᾶτου,
437 807 473 857 ut
492 817 556 858 eam
574 805 706 872 avertat,
728 803 834 854 contra
852 802 978 878 πολεμεῖ
984 790 1062 879 eisaie
1080 803 1136 864 τοῦ
1148 799 1228 878 βίου,
1250 805 1287 857 ut

191 883 285 944 uitam
297 891 405 942 servat.
447 879 484 953 Id
503 879 622 960 quidem
640 879 833 957 intelligitur,
851 880 920 960 περί
932 882 1007 960 poni
1018 903 1123 964 posse,
1143 882 1196 942 ubi
1208 876 1285 963 ῦπὲρ

192 966 361 1031 accuratius
380 958 486 1025 suerit:
514 960 597 1044 quod
613 963 690 1024 viris
708 965 797 1025 ctiam
817 965 997 1025 doctissimis
1013 967 1167 1029 interdum
1185 968 1285 1047 impo-

191 1051 261 1112 suit.
303 1053 352 1110 Sie
368 1050 492 1128 legimus
503 1048 606 1127 Eurip.
620 1048 729 1108 elcese
745 1053 815 1115 178.
842 1040 970 1130 (insipie,
991 1039 1030 1114 osi
1047 1044 1177 1131 θνήσκει
1196 1050 1283 1134 πτρίε

188 1156 248 1219 pro
268 1155 328 1215 quo
342 1134 572 1194 Valckenaerius
591 1133 630 1191 ad
642 1131 753 1193 Phoen-
769 1137 860 1200 1336.
881 1133 1090 1212 suspicabatur
1102 1123 1141 1200 osi
1153 1129 1284 1214 θνήσκει

235 1213 331 1299 sinte,
351 1217 434 1297 quod
452 1237 539 1277 racme
562 1217 723 1305 probabit,
748 1215 836 1276 etiam
857 1215 882 1277 si
901 1221 1086 1298 praepositio
1114 1220 1214 1301 aptior
1235 1219 1282 1278 sit.

190 1244 295 1383 iysias
313 1300 390 1383 πρὸς
409 1307 534 1382 Σίμωνα
557 1322 588 1381 p.
604 1307 673 1369 161.
693 1302 729 1362 lt.
750 1301 803 1364 ‘s'va
825 1300 1007 1383 ἐπίστησθε,
1029 1298 1074 1368 ὅτι
1087 1303 1169 1368 uate.
1183 1297 1225 1368 siv
1239 1287 1283 1367 δι·

188 1382 346 1466 ιιαιότερον
363 1380 454 1460 ου’τδς
476 1384 546 1467 περί
573 1381 712 1449 θανᾶτου
736 1376 910 1467 ἠγωνίζετο,
937 1378 1099 1471 ἢὲτίρους
1123 1384 1200 1470 eisaie
1228 1391 1283 1467 τῆς

188 1472 333 1555 πατρίδος
355 1470 397 1545 είς
415 1472 561 1535 κίνδυνον
580 1470 727 1548 καθίστη,
751 1468 804 1527 ubi
815 1468 1006 1530 Marklandus
1018 1474 1158 1553 espissia
1177 1473 1282 1553 πατρί·

189 1558 244 1630 δος
264 1555 402 1629 coniicit,
426 1556 489 1615 vina
512 1553 743 1637 praepositionis
770 1548 846 1630 ὑπὲρ
873 1554 997 1614 nimium
1023 1556 1280 1619 circumscribens.

77 1698 82 1711 ,
190 1640 303 1700 Contra
324 1659 384 1699 noa
403 1658 479 1719 opus
499 1647 579 1715 crat,
598 1649 634 1698 ut
658 1636 738 1697 idem
758 1637 807 1696 tir
829 1637 953 1714 doctus,
986 1650 1131 1720 sequente
1148 1640 1280 1719 liciskio,

188 1730 307 1807 p,125.
330 1724 474 1786 scriberet
494 1715 532 1787 ου’
553 1719 651 1802 μόνον
667 1714 742 1804 ὖπὲρ
762 1720 875 1801 (vulgo
896 1722 986 1804 περὶ)
1005 1718 1167 1804 τῆςαῦτοῖν
1186 1743 1281 1805 eum·

187 1808 259 1891 ρίας
283 1804 485 1885 κινδυνεύειν,
515 1798 587 1871 ἄλλοί
610 1804 662 1870 nel
680 1799 755 1886 ῦπίρ
776 1811 830 1884 τοῖς
849 1810 908 1870 sois
927 1811 1081 1887 πολεμίων
1106 1808 1280 1890 ἐίευθερίας

174 1964 177 1977 Ι
188 1887 421 1977 decessionem:
441 1910 510 1951 nam
529 1891 561 1950 in
582 1890 648 1972 ipsa
665 1891 920 1971 praepositionum
942 1892 1085 1952 varietate
1103 1912 1210 1979 magna
1230 1893 1277 1953 vis

188 1977 275 2040 inest.
318 1975 474 2038 Interdum
493 1975 612 2034 nonnisi
625 1974 761 2035 variandi
776 1995 881 2035 caussa
904 1975 996 2036 altera
1013 1977 1137 2037 alteram
1151 1976 1277 2056 excipit:

74 2109 81 2130 .
187 2057 256 2128 κατ’
267 2054 438 2142 Ἀριστοκρ.
449 2080 481 2140 p.
494 2065 567 2126 621.
581 2060 603 2121 l.
617 2065 647 2126 t.
659 2080 724 2139 sqq.
745 2053 822 2141 ῦπέρ
834 2062 891 2123 τοῦ
904 2065 936 2124 X
936 2054 1102 2141 ερδόνησον
1112 2061 1186 2143 besu
1198 2055 1279 2141 ῦμῦς

187 2139 334 2224 ἇσφαίῦς
347 2178 391 2192 ··-
402 2146 471 2227 περί
489 2140 597 2208 τοῦτου
610 2168 663 2223 μοι
680 2144 759 2217 ἐστίν
776 2140 878 2207 ἅπασα
896 2137 1058 2224 ἦσπουδή.
1075 2165 1178 2206 essue
1211 2145 1279 2206 Viri

122 2236 124 2241 ⁴
188 2229 352 2294 doctissimi
369 2230 530 2311 disputatio
545 2228 613 2289 vide
624 2248 663 2287 ne
682 2227 820 2309 subtilior
838 2248 928 2307 quarn
939 2228 1040 2289 verior
1053 2229 1102 2289 sit.
1147 2231 1187 2290 Ut
1199 2230 1277 2290 enim

186 2324 258 2395 post
276 2306 343 2377 ἀλλ’
358 2322 534 2394 repetatur,
558 2334 619 2373 non
638 2313 763 2393 propius
789 2312 929 2393 quodque
949 2313 1093 2374 continuo
1122 2333 1203 2376 nexu
1223 2335 1277 2375 co-

186 2398 291 2459 haeret
307 2391 399 2481 ῦπὲρ,
419 2397 473 2457 sed
497 2397 640 2457 remotius
666 2395 752 2478 περὶ,
778 2417 832 2476 per
856 2407 1017 2476 syntaxeos
1046 2397 1192 2460 rationem
1214 2419 1277 2459 non

186 2493 263 2564 puto
283 2480 348 2540 fieri
355 2502 453 2561 posse.
486 2481 585 2560 Atque
596 2474 688 2560 ῦπίρ,
707 2501 768 2540 non
781 2482 850 2563 saepi
857 2523 869 2557 ,
886 2483 1009 2562 repetiit
1021 2480 1276 2562 Lexicograpbua,

188 2568 274 2626 cuius
290 2564 488 2644 fragmentum
506 2566 808 2626 edidit'llermennus.
832 2559 1012 2641 Ἀνᾶστασις
1029 2566 1158 2650 λέγεται,
1177 2567 1278 2647 inquit

134 2700 140 2709 ·
185 2670 217 2730 Ρ.
238 2654 325 2726 343.,
346 2650 396 2713 καί
414 2643 436 2730 ἡ
455 2644 607 2734 ἆνίγερσις
630 2643 725 2728 ναίὴ
754 2643 971 2727 irretitosque,
1003 2642 1044 2723 eie
1068 2647 1150 2731 παρὰ
1169 2655 1276 2731 Δημο.

185 2734 303 2812 σθένει,
317 2728 360 2807 eie
373 2730 427 2811 τό,
449 2736 482 2799 οί
491 2727 655 2809 Ὀλύνθιον
667 2727 745 2816 siecle
761 2728 951 2807 ἀναστάσεως
963 2735 1014 2796 καί
1028 2727 1277 2816 ἀνδραποδισμοῦ

105 2837 107 2842 “
184 2823 239 2899 τῆς
261 2820 405 2903 πατρίδος
423 2822 595 2896 πολεμοῦσι.
639 2818 766 2878 Omnino
790 2832 897 2899 parum
922 2817 1077 2896 intelligo,
1100 2818 1178 2897 ¹quid
1198 2819 1275 2880 Rre-

184 2906 277 2965 mium
293 2904 422 2985 moverit
430 2947 439 2980 ,
462 2913 498 2963 ut
511 2903 573 2963 vim
584 2903 816 2983 praepositionis
830 2899 904 2979 ὑπὲρ
920 2903 1031 2962 arctius
1046 2903 1276 2963 circumscribe-

178 2999 246 3065 ret,
272 3010 360 3069 quam
376 2984 505 3049 alterius.
546 2987 620 3048 Mihi
643 2987 794 3047 ambarum
814 2988 987 3068 significatio
999 2984 1121 3046 ridetur
1133 2987 1276 3049 latissime

182 3085 285 3155 patere
292 3116 301 3146 ,
325 3072 436 3154 quippe
445 3072 477 3131 in
489 3072 662 3133 universum
684 3072 878 3131 iudicantimn
891 3070 1035 3132 radonem
1047 3081 1276 3150 respectumque

182 3159 235 3229 rei.
277 3155 315 3217 td
338 3175 432 3215 unum
452 3150 591 3233 interest,
618 3154 700 3235 qued
724 3155 791 3237 περὶ
817 3175 875 3215 usu
896 3155 1132 3233 frequentissimo
1155 3157 1275 3233 teritur,
1338 3145 1346 3159 ’

182 3241 278 3302 multo
297 3239 395 3299 rarius
416 3252 580 3321 usmpatur
598 3234 692 3322 ῦπίρι
715 3238 798 3318 quod
813 3239 911 3319 ipsum
926 3238 1084 3299 discrimen
1100 3238 1179 3299 inter
1193 3241 1276 3300 Lati-

78 3369 80 3372 >
181 3345 236 3386 nus
250 3324 487 3404 praepositiones
508 3324 544 3385 de
555 3334 585 3385 et
596 3347 680 3406 super
698 3323 799 3383 locum
818 3324 941 3384 obtinet.
983 3322 1042 3382 Sed
1061 3322 1276 3386 Demosthenes

182 3408 333 3488 evulgari
354 3429 413 3469 usu
437 3398 481 3469 sic
494 3409 641 3483 deflectit,
662 3418 697 3467 ut
716 3408 828 3488 passim
841 3417 936 3488 ponat
953 3397 1047 3486 ῦπὲρ,
1069 3406 1124 3466 ubi
1137 3417 1276 3469 assuetus

182 3491 392 3554 consuetudini
403 3493 536 3573 positum
555 3494 640 3552 malit
659 3496 737 3574 περί.
760 3492 794 3551 V.
806 3492 977 3551 Ruttrnmm.
991 3493 1024 3550 in
1037 3489 1102 3549 Ind.
1116 3490 1156 3551 ad
1168 3491 1275 3551 Midia-

180 3600 249 3641 nam
261 3599 292 3659 p.
308 3584 379 3645 188.
400 3576 484 3639 lnlra
498 3598 528 3658 p.
544 3583 592 3643 11.
608 3596 636 3636 v.
652 3568 694 3643 6?
705 3577 830 3657 βεβαίαν
849 3571 930 3648 slede
949 3568 1006 3654 sais
1025 3575 1138 3656 ἔχθραν
1160 3569 1275 3648 eisaie

69 3722 76 3733 .
179 3657 254 3745 ῦπίρ
271 3649 314 3726 aiv
327 3663 497 3744 φοβοῦνται
510 3659 562 3724 καί
572 3653 762 3724 πεπόνθασιν
770 3659 863 3738 ,ἔχεαι
907 3657 939 3717 si
951 3668 1033 3721 recte
1051 3659 1163 3719 dicitur
1178 3657 1273 3739 ἔχθρα

178 3740 256 3830 ῦπδρ
270 3739 398 3817 τοῦτου,
420 3741 440 3809 b'
453 3769 499 3819 τις
510 3748 666 3826 φοβεῖται,
686 3742 789 3823 quidni
804 3752 886 3803 recte
909 3741 1029 3804 dicatur
1042 3748 1180 3824 πολεμεῖν
1194 3735 1273 3828 ῦπίρ

114 3904 117 3908 Δ
157 3823 385 3906 evomerem,
405 3849 565 3909 quosensu
576 3828 628 3889 hic
644 3827 756 3889 dictum
776 3828 841 3887 estl
865 3847 1024 3888 suumrrn.

242 3917 276 3976 Ρ.
301 3920 349 3980 10.
371 3935 401 3974 v.
425 3918 475 3979 17.
496 3911 693 3994 πολεμοῦσιν]
718 3907 942 3990 πολεμήσουσιν
959 3911 1050 3985 Paris.
1071 3913 1102 3978 8.
1126 3913 1156 3974 9.
1173 3928 1272 3971 netsx.

242 4001 275 4061 Ρ.
300 4005 349 4067 10.
369 4018 398 4060 v.
422 4003 471 4064 18·
493 3989 699 4079 aivnesoioeere]
721 3997 801 4056 Citat
820 3995 851 4057 h.
865 3998 887 4057 l.
907 3997 1015 4057 Pollux
1031 4002 1062 4071 8,
1084 3999 1135 4060 91.
1159 3995 1198 4055 ad
1214 3996 1272 4056 de-

123 4086 125 4091 ’
178 4085 315 4159 cendum,
331 4084 511 4144 vocabulum
525 4082 585 4143 boc
597 4082 626 4144 h.
640 4083 661 4143 l.
679 4102 738 4141 non
751 4079 982 4160 emigrationem,
994 4078 1046 4140 sed
1061 4078 1272 4140 abductionem

176 4170 311 4313 ppatrio
329 4170 394 4228 solo
411 4168 441 4227 in
453 4170 645 4273 peregp'num
655 4208 664 4242 ,
690 4159 916 4242 οίναστᾶτωσιν,
941 4164 1116 4242 significare.
1159 4164 1272 4224 Verum
1358 4252 1362 4259 Ι

201 4274 238 4314 oc
257 4252 422 4331 vocabulo,
442 4271 663 4328 coaeternae,
683 4250 766 4332 quod
783 4272 855 4318 sane
871 4249 989 4310 adrem
1012 4248 1179 4312 docendam
1198 4266 1271 4330 per·
