2768 4724
345 202 350 211 ’
393 252 460 320 au
486 223 908 329 usnosrnsnsu.
1134 247 1197 316 as.

89 435 155 503 τοῖς
168 417 283 502 llere*
263 431 382 506 οφελος,
396 425 447 488 ool
460 447 494 507 ys
505 414 627 495 πάντως
639 418 694 502 τὴν
708 413 896 501 neelamites
909 412 1079 500 προσήκειν
1087 413 1189 500 χάριν,

90 534 137 618 τῷ
121 525 238 655 ’ρόνφ
252 551 287 592 το
277 524 403 592 ''solds
404 528 492 590 τοῦτο
504 524 554 588 sal
570 518 722 603 ἒπωφελὲς
735 520 825 604 ἔργον
835 512 1094 607 ἕναησαρξνωῖ
1075 542 1122 582 οτι
1135 517 1191 599 sslr

92 623 152 697 osis
170 631 220 696 nal
237 637 302 706 τοῖς
322 633 475 712 παροῦσιν
498 618 671 710 drausione,
693 623 744 687 set
768 617 866 702 μόνης
885 615 967 699 ἡμᾶς
988 610 1120 698 α’νοοὸἑξη
1133 620 1194 700 τῆς

90 733 280 816 προθυμίας,
302 755 338 797 ευ
325 720 442 805 olda,
464 730 547 854 εἴπερ
572 721 685 810 lyol
653 750 687 792 so
710 715 1076 804 φιλόσοφοντοῦνρόπον
1090 715 1188 784 uulso

89 829 290 917 μεγαλόφρον
311 825 369 897 οὖν
389 827 491 915 dyvous
513 854 547 894 νο
537 824 631 892 ste.
654 822 712 910 ἔνο)
727 823 759 889 dl
776 815 956 946 πειράσομαι
973 817 1027 901 μὲν
1037 811 1085 886 sel
1096 845 1191 908 τιμον
1300 870 1303 875 .

92 956 275 1009 aaronem,
299 926 499 1017 alessandro
520 923 698 1009 δυνάμενος,
720 915 791 991 εἶδ’
807 947 872 1005 ονχ,
895 916 938 996 sis
953 928 1114 1005 προσῆκον,
1136 917 1191 987 osl-
1240 984 1246 989 .

93 1036 129 1102 dl
142 1030 218 1100 sossi
232 1032 287 1116 τὴν
301 1026 389 1111 setas
408 1057 468 1114 την
487 1027 554 1114 σὴν,
575 1025 610 1096 τό
625 1027 713 1114 γεμὴ
693 1017 1097 1110 lmmseswlzastssos
1110 1023 1192 1108 Ιχειν

91 1143 150 1221 τῆς
160 1134 285 1222 γνώμης
298 1143 393 1201 πᾶσιν
410 1131 496 1217 οἶμαι
510 1128 645 1216 φανερὸν
659 1148 863 1210 κατοοιησειν.
906 1127 1030 1211 ἔρρωσο.

68 1611 72 1617 ,
321 1518 582 1597 IOANNES
620 1514 970 1591 HERVAGIUS
1055 1519 1058 1523 ’

136 1659 431 1722 onsucsnun
451 1654 766 1746 mrrsnsnnn
786 1654 1041 1716 srnmosss
1068 1654 1099 1715 s.
1121 1655 1155 1713 n.

165 1831 346 1910 Quanquam
375 1849 424 1889 res
456 1827 523 1907 ipsa
546 1826 655 1886 dooere
675 1835 812 1904 poterat,
834 1823 978 1906 quantum
996 1826 1072 1887 haec
1091 1837 1196 1887 nostra

95 1932 308 1993 Demosthenis
333 1930 511 1991 Orationum
531 1927 622 1989 editio
650 1929 776 2007 reliquis
803 1922 959 2005 omnibus,
989 1949 1065 2008 quae
1093 1929 1195 1989 adhue

96 2035 200 2094 editas
224 2044 310 2108 suut,
339 2031 523 2095 emendatior
543 2031 596 2090 sit:
617 2030 713 2089 nostri
732 2039 832 2090 tamen
854 2030 986 2090 muneris
1009 2039 1070 2105 est,
1097 2032 1203 2111 Orobis,
1268 2046 1271 2057 ·

98 2157 119 2194 o
133 2134 278 2210 studiosi,
299 2135 462 2210 indicare,
474 2133 625 2192 undenam
645 2132 825 2210 exemplaria
839 2141 902 2190 tam
923 2131 1077 2191 emendata
1097 2129 1198 2193 habu-

99 2237 227 2295 erimus:
248 2256 287 2296 ue
299 2245 330 2296 et
351 2236 397 2294 illi
417 2236 522 2295 merita
540 2235 630 2294 laude
651 2254 772 2294 suorum
792 2233 929 2293 laborum
951 2233 1145 2310 fraudentur,
1166 2247 1198 2296 at

97 2356 173 2411 vos,
196 2347 346 2396 tantorum
359 2338 496 2397 virorum
512 2337 681 2396 nominibus
701 2335 826 2411 auditis,
845 2355 950 2395 rarum
970 2335 1085 2412 aliquid
1106 2342 1199 2415 atqua

97 2440 291 2519 praeclarum
321 2438 353 2496 iu
372 2438 473 2497 nostra
493 2436 552 2497 lrao
570 2438 699 2498 editione
721 2457 800 2512 esse,
825 2436 1024 2518 nullomodo
1045 2437 1197 2499 dubitetis.

99 2541 208 2599 Solent
228 2538 367 2599 enims-ss
380 2560 442 2598 non
457 2560 510 2598 sua
528 2541 619 2601 modo
642 2541 673 2600 vi
695 2550 725 2599 et
744 2549 868 2613 natura,
890 2538 943 2598 sed
963 2558 1031 2599 cum
1050 2541 1137 2600 etiam
1160 2542 1200 2600 ab

100 2639 246 2713 artificio,
265 2650 329 2707 tssm
342 2640 390 2697 vel
403 2641 529 2702 maxime
544 2644 579 2702 ab
587 2642 708 2703 artificis
723 2643 898 2702 excellentia
914 2651 945 2699 st
958 2641 1076 2699 nomine
1091 2643 1201 2701 lauda·

98 2744 138 2802 ri.
185 2742 369 2799 Mirabantur
389 2752 520 2817 veteres,
549 2746 574 2803 si
602 2746 668 2822 quis
694 2745 808 2822 Apellis
835 2744 885 2801 vel
908 2742 1048 2801 Zeuxidis
1067 2743 1201 2803 tabulam
1324 2738 1325 2742 ἵ

105 2842 298 2901 ostendisset:
321 2853 352 2904 et
365 2863 419 2903 nos
437 2865 568 2923 quoque,
590 2845 697 2919 siquis
720 2845 827 2902 Durani
847 2843 995 2913 Germani,
1019 2852 1070 2898 aut
1088 2844 1200 2902 Titiani

102 2944 174 3003 ltali
196 2943 341 3020 picturam
361 2956 529 3023 proponat:
557 2942 617 3002 no‘n
636 2952 695 3003 tam
719 2963 806 3020 saepe
830 2941 946 3000 artificii
967 2958 1087 3012 caussa,
1111 2960 1201 3018 quam

103 3046 238 3106 artificis.
260 3067 317 3123 qua
332 3047 364 3105 in
377 3067 410 3104 re
432 3066 493 3105 non
511 3045 642 3105 fallimur
665 3044 793 3105 omuino.
836 3042 990 3119 Permagni
1008 3043 1085 3102 enim
1099 3045 1203 3122 refert,

105 3168 196 3225 quem
213 3146 354 3224 quodque
369 3166 443 3224 opus
457 3158 591 3209 sutorem
607 3167 680 3225 prae
692 3167 724 3205 se
747 3147 840 3203 ferat:
872 3143 953 3222 quod
971 3146 1007 3204 ab
1028 3149 1205 3208 excellenti·

105 3252 163 3308 bus
185 3248 349 3307 artificibus
364 3248 424 3306 non
446 3250 503 3307 nisi
525 3249 675 3328 praeclara
698 3267 789 3325 opera
813 3247 928 3305 soleant
951 3239 1110 3326 proficisci.
1154 3253 1204 3311 Sic

104 3352 158 3410 ille
172 3360 274 3427 pastor
289 3370 350 3407 non
364 3352 482 3432 ineptus
494 3352 574 3429 apud
587 3360 705 3429 poetam
727 3349 835 3427 poeula
844 3392 853 3422 ,
868 3348 951 3427 quod
966 3348 1058 3407 divini
1073 3352 1205 3413 Alcime-

108 3453 207 3511 dontis
227 3472 318 3530 opera
335 3460 447 3524 essent,
468 3453 566 3528 magni
582 3451 719 3510 facienda
734 3459 842 3509 censet.
887 3449 968 3523 Quid
983 3452 1009 3510 si
1034 3455 1131 3513 omnia
1155 3477 1207 3516 re-

107 3553 190 3630 liqua
209 3552 468 3630 accedant‚*quae
481 3555 583 3613 valent
602 3540 641 3613 ad
654 3553 788 3623 laudem,
812 3562 841 3611 at
858 3557 999 3612 materiae
1019 3554 1136 3616 bonitas
1146 3601 1154 3630 ,
1177 3567 1208 3617 et

107 3654 226 3714 artificii
248 3651 461 3733 pulchn'tudo,
485 3664 515 3713 et
533 3656 654 3714 artificis
675 3653 874 3734 praestantia,
896 3675 994 3713 nonne
1015 3666 1078 3716 tum
1101 3659 1208 3735 perfe-

108 3766 158 3814 cta
179 3766 211 3816 et
227 3765 431 3815 consummata
451 3758 516 3815 laus
538 3766 600 3815 esse
620 3756 781 3815 videatur?
805 3756 1005 3828 Quamobrem
1023 3779 1090 3817 cum
1105 3778 1160 3815 nos
1175 3759 1210 3817 iu

106 3868 214 3917 nostro
233 3855 293 3914 hoc
318 3857 513 3917 Demosthene
533 3858 647 3917 edendo
670 3858 797 3916 duorum
811 3857 1043 3927 clarissimorum
1064 3840 1229 3937 virorum,

112 3959 192 4016 Petri
211 3960 331 4018 Danesii
346 3960 440 4035 Galli,
463 3968 491 4018 et
513 3957 661 4017 Vincentii
675 3956 825 4036 Obsopoei
844 3959 998 4032 Germani,
1030 3960 1211 4039 exemplaria
1298 3972 1306 3997 ⁸

112 4060 386 4138 castigationesque
410 4059 505 4120 secuti
522 4059 631 4132 simus,
659 4059 717 4117 iam
742 4061 912 4121 existimare
935 4058 1064 4135 debetis,
1095 4063 1213 4139 qualem
1265 4082 1267 4086 ⁴

111 4159 203 4220 vobis
232 4160 425 4223 exhibeamus
446 4159 690 4238 Demosthenem,
726 4161 854 4221 nitidum
877 4168 959 4221 certo
994 4170 1025 4222 et
1051 4163 1214 4225 innumeris

112 4266 269 4329 erronlms
285 4271 490 4345 repurgatum.
520 4263 636 4343 neque
657 4261 735 4323 euim
750 4261 820 4321 ullis
838 4268 892 4322 aut
904 4261 1071 4338 samfibas,
1094 4272 1147 4324 sut
1166 4264 1215 4324 la'-
