2768 4724
397 224 457 287 AD
483 221 618 286 ORAT.
649 223 846 286 OLYNTH.
884 223 929 288 ΙΙ.
1145 228 1220 298 289·

177 396 211 456 Ρ.
234 398 286 463 19.
307 416 338 457 v.
362 399 410 460 rt.
431 387 552 467 τούτοις
563 391 704 477 itinere]
726 391 779 452 Est
798 393 886 455 etiam
903 394 936 454 iu
958 348 1206 475 textoBavarici,

113 481 167 580 sed
182 483 424 579 'superscriptum
447 487 557 584 mii:
578 485 718 542 τοιοῦτον
733 477 867 560 έλέγχειν.
909 481 993 555 Quae
1004 483 1096 543 lectio
1111 485 1138 544 si
1150 484 1209 545 ad-

112 575 257 641 mittitur,
279 565 452 624 addendum
464 573 521 623 ent
534 584 617 626 οντα.
635 580 731 637 aaran.
1180 586 1183 595 ·

176 666 212 737 Ρ.
238 670 288 732 19.
310 685 340 726 ν.
365 670 415 733 13.
443 667 533 741 δυοῖν
554 658 659 744 Ιένειια]
699 666 784 726 δυεῖν
804 661 893 727 ένιιια
915 662 1026 726 Hariei.
1052 641 1206 733 Parisinus

110 751 247 833 primus,
275 752 423 831 supplem.
445 749 520 826 Aug.
542 747 640 827 primi.
668 749 753 810 δυεῖν
776 747 877 811 εῖνειια
898 750 1048 811 Parisinus
1068 764 1204 825 octaua.

111 838 212 901 εῖνεεια
223 835 291 895 Ald.
309 837 393 915 Tayl.
407 855 503 893 amsa.
526 835 608 898 δυεῖν
621 833 749 893 bekker.
768 841 799 892 et
814 832 954 912 Riidiger.
978 855 1133 925 sansures.

175 957 209 1017 P.
233 956 284 1021 19.
305 973 345 1029 n„
360 959 408 1023 18.
428 948 562 1037 ἡγοῦμαι
576 930 749 1035 συμφέρειν]
763 949 926 1034 συμφέρειν
940 942 1071 1035 ἡγοῦμαι
1080 938 1204 1023 Βουτοῖ·

110 1061 183 1119 ουτ»,
206 1038 397 1117 Augustanus
407 1038 556 1098 secundus
569 1047 599 1096 et
612 1038 728 1097 tertias.
751 1055 845 1095 max.
888 1035 1026 1099 Adscivit
1037 1040 1118 1103 huno
1130 1045 1208 1108 alte-
1256 1086 1258 1091 ·

110 1146 180 1185 rum
200 1124 335 1185 ordinem
351 1124 522 1183 Bekkerus:
550 1131 581 1183 et
608 1121 749 1181 videntur
773 1118 913 1181 infinitivi
940 1122 1046 1184 melius
1065 1118 1208 1211 disiungi}

110 1208 185 1270 item
199 1208 306 1268 molius
323 1207 407 1286 iungi
421 1210 509 1272 δυοῖν
524 1204 610 1268 ἕνεκα
625 1206 798 1289 συμφέρειν.
820 1226 977 1266 sensarum.

175 1311 210 1369 P.
234 1313 284 1376 19.
305 1329 337 1370 v.
361 1311 410 1377 15.
431 1314 486 1373 τοῦ
505 1300 533 1370 τ’
551 1307 724 1371 έκεῖνον-
740 1311 907 1389 φαίνεσθαι
950 1314 1149 1391 Hermogenes
1171 1338 1202 1397 p.

109 1400 186 1462 287.
210 1393 240 1456 ei
251 1418 289 1500 γε
306 1395 441 1475 βραχεῖαι
461 1388 521 1456 εἷεν
543 1392 578 1455 αῖ
593 1390 769 1474 έιιεμβολαέ,
791 1388 865 1469 aret
884 1422 926 1478 μη
944 1400 1069 1481 μακραὶ,
1090 1405 1204 1481 μᾶλλον

109 1471 224 1565 γοργόν
243 1502 264 1558 η
284 1477 540 1559 περιβεβλημένον
558 1481 682 1540 ποιοῦσι
703 1472 755 1540 τὸν
775 1475 874 1563 λόγον.
906 1472 989 1545 οέον·
1011 1486 1067 1547 τοῦ
1086 1477 1114 1546 τ’
1128 1486 1204 1549 inei·

109 1588 188 1639 νον,
218 1555 292 1645 ὅπερ
311 1562 364 1627 nni
383 1555 494 1667 οῖλιγθές
514 1556 657 1651 ὑπάρχει,
687 1565 805 1640 φαῦλον
822 1567 997 1644 φαίνεσθαι.
1025 1563 1117 1652 dogit,
1139 1573 1205 1645 τεοῖς

110 1642 272 1756 εῖτῖνγτος
284 1648 337 1711 ιιαλ
350 1671 458 1730 γοργος
473 1638 490 1710 ὅ
504 1642 594 1729 λόγος
608 1644 697 1708 έστῖν.
719 1645 830 1729 ἐγένετο
847 1648 880 1713 δέ
895 1643 946 1712 διὰ
958 1645 1014 1730 τὴν
1032 1650 1206 1739 έιιεμβολδν

108 1728 276 1813 τὴνουσαν
288 1734 443 1816 βραχεῖαν·
466 1725 540 1811 ὅπερ
554 1728 606 1793 ιιαλ
620 1721 877 1815 ἆληθέςῦτιιῖρχει.
893 1751 988 1795 ιιειιιι.
1179 1785 1183 1791 .

174 1834 208 1893 Ρ.
233 1836 282 1915 19.
304 1854 333 1892 v.
357 1838 407 1898 16.
428 1826 503 1914 τοῦ]
527 1830 645 1890 Omittit
655 1828 768 1891 Harlei.
788 1853 884 1895 neres.
1179 1875 1182 1879 -

175 1938 208 1996 P.
232 1941 281 2002 19.
304 1954 335 1994 v.
360 1940 409 2000 17.
431 1929 651 2012 διεξελήλυθεν]
669 1929 703 1995 sd
722 1935 859 2011 διεξιέναι
878 1935 930 2000 καλ
949 1933 1119 2020 διελθεῖνῆ
1129 1940 1190 2019 διεξ

111 2026 211 2086 steen
232 2020 307 2080 alias
326 2028 372 2078 est
390 2013 424 2082 ci
438 2017 533 2099 λέγειν
554 2015 605 2078 sat
627 2019 817 2100 διηγεῖσθαιι
836 2018 888 2079 hic
907 2042 979 2081 vero
996 2020 1030 2087 εδ
1044 2025 1203 2107 dtamen.

110 2112 210 2187 θῆναι
229 2102 307 2169 κατὰ
329 2096 506 2184 μεταφορὰν
526 2098 576 2163 nat
599 2106 806 2165 καταναλῶσαι
828 2099 925 2179 παῖδας
946 2102 1000 2181 τοῖς
1015 2131 1134 2191 navare
1155 2112 1206 2187 έαςΙ

111 2190 167 2254 erni
189 2183 368 2269 δεινότητας.
395 2207 495 2246 avora.
533 2180 741 2263 διεξελήλυθεν
768 2185 819 2246 hic
845 2188 980 2248 idomas
1005 2192 1203 2275 rirerropenbp²

106 2286 308 2358 praetervecta
321 2285 398 2347 aaut,
413 2272 432 2330 i.
451 2291 477 2329 e.
490 2270 664 2349 consumpta
678 2278 757 2331 sunt.
773 2293 883 2330 sacra.
905 2273 1094 2334 Intransitive
1110 2276 1205 2339 hicet

109 2381 144 2440 p-
162 2361 232 2431 153,
256 2365 286 2424 7.
306 2356 528 2433 intelligendum
552 2372 616 2414 esse
634 2357 833 2416 Ruttmannus
854 2358 885 2416 in
904 2357 970 2417 lnd.
990 2356 1028 2417 ad
1044 2360 1204 2423 blidianarn

110 2464 143 2524 P·
166 2448 236 2509 169.
256 2445 297 2503 ita
321 2442 442 2512 docuit,
466 2450 502 2499 nt
526 2440 579 2516 ego
601 2440 721 2518 quidem
742 2441 809 2500 viro
836 2443 954 2519 egregio
982 2442 1117 2506 assentiri
1141 2454 1208 2507 non'

112 2528 255 2586 dubitem.
298 2525 383 2586 Adde
402 2525 484 2602 quod
501 2525 544 2583 sic
560 2526 651 2606 paulo
669 2525 775 2584 melius
799 2530 937 2602 congruit
952 2528 1003 2591 ιιαλ
1016 2527 1094 2608 πρὸς
1107 2524 1204 2610 crissie

109 2608 180 2690 ἥκει
196 2637 223 2675 ιι.
239 2616 304 2674 αλ.
347 2610 512 2687 liudigerus
534 2628 601 2668 cum
619 2609 728 2668 Wolfio
748 2619 779 2670 et
797 2612 918 2671 Reiskio
939 2614 1094 2674 transitive
1112 2617 1203 2676 intel-

109 2697 185 2776 ligit.
205 2708 361 2755 acumen.

176 2799 210 2856 Ρ.
234 2802 283 2861 19.
305 2816 335 2854 v.
361 2800 408 2860 18.
430 2788 712 2873 παρακρουόμενος]
751 2795 797 2854 Ad
820 2793 902 2855 hunc
927 2796 1055 2858 aliumve
1079 2798 1203 2862 similem

109 2880 213 2942 locum
228 2879 360 2960 respexit
373 2878 520 2958 Harpocr‘.
533 2896 563 2935 v.
578 2872 808 2958 παρακρούεται.
830 2900 923 2939 aaran.
1127 2877 1130 2883 ’

176 2982 209 3042 Ρ.
234 2987 282 3047 19.
304 3002 333 3041 v·
357 2984 407 3047 18.
429 2976 521 3061 μέγας
540 2983 597 3041 νῦν
612 2970 751 3059 ηὐξήθη]
783 2973 878 3054 οὕτως
898 2970 1020 3061 arigium
1044 2982 1090 3060 τῷ·
1107 3004 1204 3065 παρα·

108 3059 295 3148 nectareas,
326 3057 399 3126 ὥστε
419 3069 475 3126 νῦν
499 3060 575 3127 εἶναι
595 3064 687 3145 μέγαν
712 3060 813 3129 αὐτόν.
857 3069 952 3144 Supra
974 3065 1065 3147 μέγαν
1086 3090 1204 3149 γεγενη-

109 3152 214 3232 μένον.
235 3171 334 3212 aroer.
377 3149 468 3208 Recte
486 3149 702 3228 interpretatur
728 3149 910 3210 locutionem
938 3150 1113 3210 creberrime
1141 3152 1203 3211 tre-

110 3244 300 3314 «parentatum,
326 3232 419 3315 μέγαν
439 3224 632 3307 ον’ξάνεσθαι.
675 3235 819 3294 Similiter
836 3234 1003 3314 Xenophon
1017 3238 1151 3315 Sympos.
1170 3242 1202 3312 2,

109 3322 163 3385 25.
179 3317 261 3397 ὀρθοῖ
274 3343 304 3381 τε
317 3314 436 3393 αὔξεται
449 3318 497 3378 noi
512 3314 663 3379 θάλλοντα
677 3313 848 3396 α’φιιινεῖεαι
860 3320 902 3391 εἰς
913 3316 969 3398 τήν
985 3323 1201 3404 καρπογονίαν.

109 3405 175 3462 Nec
195 3402 345 3481 discerpat
368 3401 449 3481 quod
471 3402 550 3461 inira
573 3423 604 3481 p.
626 3407 685 3477 20,
706 3409 735 3468 8.
759 3405 883 3479 legitur,
910 3401 994 3489 ᾕρθη
1017 3405 1115 3486 μέγας.
1160 3407 1203 3465 De

108 3507 172 3546 usu
190 3486 251 3546 boc
270 3487 499 3558 adiectivornm,
521 3486 690 3564 proleptico
704 3485 776 3545 mihi
788 3489 886 3560 dicta,
908 3489 960 3567 qui
972 3491 1092 3568 syntaxi
1108 3491 1203 3549 Grae·
1263 3520 1266 3525 ·

109 3592 166 3632 cae
178 3573 319 3652 proprius
335 3591 453 3649 gravem
470 3571 562 3647 gignit
574 3572 752 3630 brevitatem
765 3572 915 3647 orationis,
930 3592 960 3633 v.
974 3583 1037 3634 not.
1052 3574 1092 3633 ad
1104 3574 1203 3634 Theo-
1249 3641 1253 3648 .

109 3658 178 3718 crit.
191 3657 255 3716 Vll.
269 3663 320 3721 70.
336 3656 418 3715 etad
435 3655 577 3734 Sophocl.
592 3656 676 3715 nise.
691 3661 763 3723 402.
786 3678 941 3717 sarracena.

175 3759 209 3818 P.
232 3763 282 3824 19.
303 3777 333 3818 v.
357 3764 407 3823 19·
429 3757 504 3836 νῦν]
526 3756 619 3814 Abest
639 3756 677 3814 ab
697 3757 773 3836 Aug.
791 3759 897 3834 tertio,
919 3757 1030 3818 Harlei.
1045 3759 1201 3836 bovarico,
1323 3800 1329 3809 ·

108 3841 168 3902 sed
177 3845 211 3902 in
220 3841 281 3903 hoc
296 3843 532 3923 superscriptum
547 3851 593 3899 est
606 3843 660 3905 ιιαλ
674 3845 740 3907 νῦν.
759 3862 855 3903 aaron.

108 3972 116 3981 ·
174 3944 209 4003 P.
233 3948 282 4008 19.
306 3965 336 4003 v.
360 3951 409 4010 18.
429 3936 572 4023 ηὐξήθη]
594 3943 761 4004 Laudisnas
784 3954 814 4004 ct
833 3945 1033 4004 Barocoianus
1052 3933 1212 4025 ηὗξῦνδηι·

108 4046 207 4087 mex.
249 4028 314 4088 Ind.
336 4029 375 4087 ad
395 4029 544 4107 Aesopum
563 4028 683 4090 Furiae:
715 4021 880 4104 „Adiciam
895 4063 939 4076 ·-
957 4028 1025 4089 Vox
1048 4063 1089 4073 —
1110 4029 1212 4088 dubie¹

109 4115 193 4172 οτῒ.α
235 4114 360 4172 Dubiam
375 4132 435 4172 non
449 4112 590 4172 dixerim:
613 4115 666 4174 sed
681 4113 861 4176 estlabentis
877 4114 1061 4174 Graecitatis.
1100 4110 1214 4186 Quare'

107 4198 221 4276 passius
251 4196 282 4258 in
314 4198 487 4277 codicibus,
512 4199 565 4260 sed
586 4202 672 4261 uallo
694 4201 733 4260 ad
751 4201 875 4263 criticen
902 4199 1030 4274 fructu,
1066 4198 1213 4267 offertur:

109 4300 267 4342 scarum
623 4310 626 4315 ·
1048 4308 1051 4313 ·
1198 4300 1214 4315 ·'
