2768 4724
82 278 108 312 ,Ι
162 232 221 297 ¹so
408 303 413 313 ,
516 174 921 302 nasammonas

178 403 257 463 onim
279 421 375 478 nasas,
402 409 438 460 ut
457 397 583 480 opinor,
613 423 674 462 non
694 411 810 465 tautum
831 401 1072 482 reprehendendi
1101 406 1196 483 patio
1209 416 1271 468 tana

178 500 497 584 diligenterlegerunt)
518 502 772 580 obliviscerentur,
794 504 848 564 sed
870 505 1021 565 atrocibus
1042 506 1270 596 utiaminiuriis

180 729 344 789 eorumque
370 706 501 766 candore
518 725 566 765 me
589 706 739 782 consolor,
761 707 813 786 qui
831 718 861 768 et
876 709 954 768 bene
974 710 1064 773 dietis
1082 715 1217 792 gratiam,
1239 725 1270 774 ct

178 812 283 871 emtis
300 811 419 870 vernam
435 831 453 867 a
472 827 505 866 ss
524 816 662 888 paratam
683 828 747 867 esso
770 808 844 868 mibi
862 810 1033 871 voluerunt
1078 814 1161 887 Quos
1179 815 1268 892 longe

134 989 139 999 ‚
176 913 280 995 plures
307 931 371 971 esse
389 909 479 968 Zoilis
506 905 657 989 (meliores
683 909 805 987 quidem
825 932 889 972 esse
915 912 996 972 viros
1023 915 1091 993 quis
1116 914 1269 996 dubitet'l)

177 1016 386 1093 multorumlet
396 1010 538 1090 privatim
553 1009 592 1069 ad
603 1029 650 1070 me
663 1010 792 1088 scriptae
803 1012 917 1089 literae,
939 1022 968 1073 et
983 1015 1015 1074 in
1027 1016 1182 1098 publicum
1196 1016 1271 1076 editi
1353 1010 1357 1015 ’

97 1164 101 1177 ,
176 1117 247 1177 libri
257 1122 413 1176 testantur.
428 1127 433 1135 '
450 1107 501 1170 'Ac
514 1111 583 1170 illos
604 1111 687 1190 ipsos
700 1113 800 1170 Zoilos
822 1113 897 1172 nihil
916 1135 1006 1195 posse
1029 1118 1136 1181 afferre
1152 1118 1269 1194 melius,

177 1219 230 1280 sed
254 1238 292 1279 ex
319 1212 420 1271 Wolfii
445 1211 639 1271 insectatione
657 1213 766 1272 samam
782 1219 944 1294 aucupari,
974 1227 1008 1276 ut
1025 1218 1077 1280 ille
1097 1217 1184 1294 feeit,
1216 1221 1269 1300 qui

174 1319 320 1400 Ephesiae
336 1316 447 1374 Dianas
471 1314 615 1391 templum
636 1314 785 1390 incendit,
808 1317 883 1376 illud
905 1338 967 1378 non
988 1300 1101 1398 innuit,
1134 1320 1187 1379 sed
1206 1321 1269 1379 ela-

174 1431 253 1497 mat,
276 1418 358 1500 quod
378 1418 456 1475 intra
476 1435 569 1473 aniaos
589 1415 756 1475 octodecim
778 1438 843 1477 mea
865 1419 1082 1499 qualiscunque
1110 1422 1267 1481 conversio
1309 1403 1313 1413 ’

174 1521 307 1583 Basileae
328 1518 391 1592 bis,
421 1516 554 1576 Venetiis
588 1517 680 1575 semel
703 1517 782 1577 edita
804 1528 834 1578 et
854 1519 1014 1597 distracta,
1048 1522 1224 1602 iampridem
1250 1544 1268 1580 a

174 1623 315 1684 studiosis
334 1620 372 1679 de
389 1619 506 1697 integro
526 1617 684 1695 flagitatur.
728 1619 790 1679 Cur
804 1619 896 1697 igitur
913 1623 965 1683 isa·
985 1625 1078 1685 Attici
1097 1634 1127 1684 et
1140 1626 1269 1683 Cicero-

117 1708 125 1719 *
173 1726 253 1787 iliani
276 1732 410 1783 oratores
435 1741 509 1795 eam,
531 1718 676 1798 quamita
698 1729 902 1798 contemnunt,
926 1734 962 1783 ut
982 1726 1061 1786 infra
1079 1745 1180 1785 omnes
1200 1724 1269 1783 iuli-

174 1849 240 1889 mos
250 1825 386 1885 homines
404 1820 598 1899 interpretem
619 1820 768 1898 abiiciunt,
791 1833 827 1901 et¹
840 1826 961 1886 sceleris
973 1848 1009 1887 ae
1022 1826 1167 1903 sacrilegii
1179 1845 1267 1885 reum

30 1958 37 1981 .¹
150 1923 154 1929 ’
174 1937 271 2007 agant,
294 1925 373 1986 edita
394 1922 517 1981 meliore
539 1942 600 1980 non
619 1923 751 1983 tollunt?
772 1924 868 1985 Meam
892 1928 970 1988 enim
990 1927 1266 2008 interpretationem

173 2029 279 2111 quanti
298 2027 426 2086 facerem
447 2024 520 2103 ipse,
543 2024 603 2083 iam
623 2025 694 2084 olim
711 2036 742 2088 et
757 2027 895 2087 versibus
910 2037 940 2087 et
951 2029 1184 2109 praefationibus
1199 2049 1266 2087 ηιο-

173 2130 341 2191 doetissime
363 2126 484 2205 seriptis
505 2145 570 2184 saun
593 2135 735 2186 testatus:
756 2148 854 2206 neque
875 2128 949 2188 mibi
970 2150 1024 2208 ego
1044 2151 1113 2191 cum
1135 2132 1266 2190 Isocrate

172 2243 203 2293 et
221 2229 345 2290 caeteris
367 2227 491 2292 sunmiis
514 2214 693 2303 oratoribus,
722 2228 918 2309 philosophis,
939 2229 1100 2308 historicis,
1123 2253 1199 2313 quos
1221 2233 1267 2292 la-

172 2333 252 2392 tinos
276 2329 354 2404 feci,
387 2329 574 2409 eloquentiae
601 2336 750 2388 certamen
768 2330 899 2407 institui,
932 2331 980 2411 (id
1002 2335 1086 2413 quod
1115 2336 1266 2397 manifesti

94 2486 98 2495 .
172 2434 283 2496 furoris
303 2428 391 2511 esset)
408 2451 505 2510 nsque
529 2430 643 2489 Graeca
660 2432 842 2510 exemplaria
856 2433 893 2493 de
912 2435 1049 2508 manibus
1064 2438 1266 2497 studiosorum

173 2543 313 2599 mentera
336 2532 434 2591 volui:
459 2531 513 2592 sed
532 2531 610 2590 illud
630 2532 747 2592 efficere
768 2516 900 2594 conatus
912 2557 988 2612 sum,
1009 2548 1054 2612 ut,
1077 2559 1153 2617 quos
1171 2538 1209 2596 ab
1229 2539 1265 2596 iis
1325 2580 1329 2587 -

171 2635 306 2716 legendis
335 2630 520 2691 difficultatis
545 2632 840 2711 opiniodeterreret,
863 2637 988 2696 audacia
1007 2638 1040 2695 in
1058 2639 1263 2698 transferendo

172 2760 238 2800 mea
252 2740 424 2815 (agnoscam
438 2732 526 2808 emm,
547 2733 574 2792 si
587 2732 651 2792 istis
664 2733 706 2795 ita
723 2737 833 2815 placet,
858 2737 971 2796 crimen
984 2736 1058 2820 hoe)
1076 2738 1264 2799 confirmaret

171 2852 203 2904 et
214 2840 394 2900 adiuvaret·
421 2834 526 2914 Neque
537 2854 638 2895 meum
652 2847 792 2897 conatum
806 2837 899 2898 fuisse
912 2838 1041 2913 irritum,
1065 2859 1168 2898 omnes
1182 2839 1264 2900 chri-

171 2942 261 3004 stiani
281 2938 363 3000 orbis
382 2937 561 3012 academiae,
579 2956 621 2995 ne
646 2939 781 2998 Gadibus
803 2940 925 3018 quidem
940 2943 1082 3018 exceptis,
1104 2948 1263 3014 testantur,

171 3063 228 3105 nec
248 3035 475 3121 proscriptionis
498 3037 699 3115 iniquissimae
725 3038 838 3097 iniuria
864 3041 938 3099 meis
965 3037 1264 3097 elucubrationibus

171 3142 302 3223 legendis
323 3139 490 3200 deterritae.
533 3139 728 3217 Byzantinam
747 3160 844 3200 meam
858 3139 1012 3200 historiam
1031 3159 1069 3197 ne
1081 3124 1265 3216 Byaantinae

171 3245 293 3325 quidem
309 3238 517 3300 bibliothecas.
530 3240 735 3300 excluseramt:
757 3239 811 3300 aad
832 3243 892 3300 iam
913 3240 1035 3300 tandem
1050 3240 1134 3300 velut
1148 3242 1185 3300 ab
1204 3263 1263 3302 ex-

170 3346 223 3406 ilio
247 3351 417 3405 revocatam
438 3340 607 3401 honorifice.
619 3349 650 3399 et
664 3351 798 3401 amanter
817 3351 1024 3422 susceperunt.
1068 3343 1192 3402 Sextum
1203 3345 1264 3405 iona

171 3447 318 3506 Isocrates
341 3463 409 3502 eum
429 3442 502 3505 meis
522 3442 740 3500 commentariis
761 3444 816 3501 sub
834 3444 919 3522 prelo
936 3453 989 3504 est.
1032 3441 1080 3502 An
1095 3453 1129 3502 tu
1149 3465 1262 3520 censes,

170 3549 222 3609 vol
240 3542 457 3627 typographos,
474 3543 528 3603 ‚val
550 3541 730 3620 bibliopolas
750 3544 783 3602 in
804 3553 851 3604 tot
870 3545 963 3606 millia
980 3545 1119 3605 codicum
1132 3544 1264 3607 laborem

172 3659 203 3710 et
224 3647 381 3728 pecuniam
402 3644 551 3716 conferre,
577 3652 614 3702 ut
633 3644 732 3703 oleum
751 3654 841 3723 atque
862 3667 984 3726 operam
1004 3646 1157 3728 perdant?
1188 3647 1264 3719 Quis

171 3748 375 3811 studiosorum
397 3756 426 3806 st
443 3743 667 3822 ingeniosorum
687 3745 842 3807 hominum
865 3757 978 3809 tantam
1000 3748 1200 3826 frequentiam
1221 3748 1264 3805 ita

171 3850 301 3909 insanire
318 3847 431 3919 eredat,
453 3854 489 3903 ut
501 3862 553 3903 eos
564 3843 657 3904 libros
670 3856 732 3923 tam
749 3849 837 3908 avide
853 3851 962 3927 legant,
985 3867 1112 3926 quorum
1134 3847 1265 3908 lectione

62 4006 68 4013 .
171 3971 232 4011 non
253 3959 305 4010 aut
324 3947 470 4021 meliores,
493 3953 546 4004 aut
567 3946 728 4023 doctiores,
750 3958 803 4008 aut
818 3951 982 4027 paratiores
998 3957 1027 4006 et
1043 3949 1082 4005 ad
1097 3957 1178 4006 reete
1195 3970 1263 4010 sera·

171 4053 314 4127 tiendum,
336 4056 365 4107 et
377 4046 416 4107 ad
429 4047 505 4118 bene
519 4048 691 4124 vivendum,
714 4060 744 4111 et
761 4049 800 4108 od
815 4061 918 4113 ornate
936 4048 1095 4108 dicendum
1111 4049 1262 4116 evadenti

172 4155 275 4232 Neque
300 4168 374 4210 ¹uero
402 4169 452 4210 eas
479 4148 552 4208 mibi
575 4149 718 4210 utilitates
745 4161 882 4228 acceptas
914 4149 1019 4210 referri
1047 4147 1127 4209 volo.
1178 4151 1261 4211 Absit

171 4251 371 4315 'lbrasonicus
402 4251 458 4313 iste
480 4252 552 4327 sal„
576 4259 611 4312 ut
628 4271 734 4332 magno
752 4252 850 4314 alieno
870 4253 976 4313 labore
995 4260 1112 4332 partam
1138 4255 1260 4332 gloriata
