2768 4724
146 236 192 317 ee
259 297 262 302 ,
487 204 908 296 'araevervoves
954 266 958 272 -

149 404 190 466 M.
209 403 341 465 Terentii
368 400 529 477 Varronis,
551 399 585 460 0.
614 398 684 458 Iulii
702 396 853 474 Caesaris,
875 397 1030 480 Ciceroni,
1053 399 1116 461 Silii
1139 398 1247 477 Italici,

148 507 246 567 Boetii
264 513 475 580 monumenta,
496 510 527 562 et
550 499 751 580 complurium
772 499 897 561 aliorum
927 502 1064 582 exempla
1087 511 1246 564 testantur.

148 610 227 669 Tam
241 607 375 689 enimilli
389 625 421 665 se
440 594 604 681 occupatos
617 619 691 676 ease,
713 609 743 660 et
761 602 887 679 negotiia
903 601 1072 682 implicatos
1089 604 1248 682 putabant,

150 730 222 771 cum
236 719 290 781 aut
303 708 415 769 amicos
433 714 465 766 et
482 704 605 764 clientea
626 720 696 762 auce
710 701 926 779 defendebant,
940 692 1137 764 aut'eonailiie
1153 713 1247 785 atque

149 808 479 890 arnaisltempublicam
488 803 660 865 tuebantur.
702 804 767 866 Mea
783 824 868 881 vero,
889 824 951 864 non
963 823 999 866 eo
1012 813 1140 882 tantum,
1163 805 1249 884 quod
1314 835 1318 847 ·

119 974 122 982 ,
147 914 223 975 mihi
242 916 323 977 vives
342 909 464 991 quidem
485 905 622 986 corporis
642 905 824 984 exiguae-ao
838 898 936 988 pro'pe
952 905 1072 986 nullae,
1093 908 1247 988 ingenium

145 1018 222 1079 vero
243 1024 333 1076 tenue
354 1019 443 1091 atqua
463 1007 613 1068 infirmum
630 1007 772 1086 contigit,
799 1006 890 1085 longe
914 1006 973 1065 alia
997 1008 1075 1069 ratio
1098 1017 1162 1086 est,
1193 1009 1248 1071 aed

149 1118 190 1178 oh
212 1116 290 1177 illud
308 1113 407 1187 etiam,
429 1110 514 1190 quod
535 1108 607 1183 illie,
628 1110 726 1188 patrio
744 1128 879 1171 ammone
895 1108 1104 1189 scribentibus,
1125 1112 1159 1170 in
1171 1131 1248 1192 pro-

149 1218 224 1278 clivi
237 1212 477 1296 atqueerpedita
500 1212 623 1273 fuerunt
646 1211 761 1289 omnia,
784 1230 853 1273 cnm
875 1229 932 1271 nos
953 1213 1119 1293 peregrinis
1137 1212 1248 1292 linguis

150 1340 169 1381 e
194 1317 287 1377 mutis
309 1313 556 1396 praeceptoribus
584 1313 800 1391 cognoscendis
826 1333 888 1374 non
905 1332 1031 1395 parvam
1049 1314 1154 1375 aetatis
1174 1333 1248 1394 par·

124 1422 127 1429 '
148 1431 210 1481 tem
226 1436 401 1480 consumere
422 1434 542 1477 necesse
558 1411 730 1504 habeamus.
773 1412 879 1494 Itaque
902 1434 964 1474 non
983 1416 1139 1476 recreandi
1155 1415 1246 1476 animi

149 1541 222 1600 ergo
256 1518 414 1580 levandive
437 1517 528 1577 taedii
548 1498 641 1574 caua'a
672 1535 720 1575 me
747 1515 933 1595 scriptitare,
960 1516 1016 1578 aed
1045 1517 1116 1598 quia
1145 1517 1246 1578 facere

145 1623 247 1698 aliter,
269 1620 353 1682 salva
366 1617 645 1702 (quantulacunque
658 1616 711 1675 illa
722 1615 778 1699 est)
790 1616 1010 1678 existimatione
1022 1636 1097 1692 mea,
1118 1636 1245 1697 nequeo,

150 1733 181 1783 et
197 1743 271 1803 quas
291 1721 425 1780 sustineo
445 1700 612 1794 aerumnas,
633 1736 710 1796 pene
731 1716 893 1779 Herculeae
914 1719 1012 1779 videri
1025 1716 1109 1794 mihi,
1132 1738 1246 1799 speque

148 1842 216 1883 anea
242 1821 407 1903 plurimum
436 1839 484 1880 me
514 1819 673 1898 deceptum
692 1838 772 1894 osee,
808 1821 936 1897 ingenue
963 1818 1117 1880 confiteor.
1150 1821 1245 1885 'Nam

149 1943 219 1984 oum
243 1923 327 1983 annis
349 1919 460 1981 abhinc
480 1930 610 2000 quatuor
634 1928 665 1980 et
687 1918 809 1997 viginti,
836 1942 899 1982 non
921 1931 984 1983 tana
1003 1940 1069 1980 mea
1091 1920 1242 1998 voluntas,

148 2046 239 2108 qnam
255 2020 462 2104 inexapeetata
482 2018 627 2101 quaedam
649 2020 809 2097 calamitae,
832 2033 863 2084 et
877 2042 978 2083 rerum
993 2022 1153 2083 meliorum
1174 2040 1244 2103 spes
1269 2092 1275 2101 .

147 2129 181 2189 in
193 2124 445 2208 typographicam
457 2123 617 2205 pistrinum
627 2143 675 2182 me
696 2123 880 2201 coniecieset,
899 2125 988 2206 parvi
1006 2125 1153 2205 temporie
1172 2143 1243 2185 mo-

146 2229 234 2290 lestia
255 2235 432 2308 perpetuam
452 2225 559 2286 etudiia
580 2224 654 2285 meio
676 2243 781 2284 secure
807 2226 985 2308 perfruendi
1003 2226 1177 2286 tenultatem
1194 2245 1244 2285 me

142 2330 352 2390 'redemtumm
380 2326 535 2406 opinabar.
587 2326 699 2388 Verum
731 2339 844 2408 quanto
872 2329 958 2412 aliter
980 2328 1129 2404 evenerit,
1153 2346 1244 2386 nemo

143 2429 277 2507 ignorat,
300 2427 352 2506 qui
371 2436 422 2486 ant
441 2425 651 2509 balsh‘othecam
670 2438 802 2488 vestram
823 2428 956 2509 inspicit,
979 2448 1037 2509 qua
1051 2449 1131 2489 meae
1148 2430 1248 2488 lucu-

145 2530 299 2589 brationes
321 2528 435 2606 dignati
452 2530 537 2605 entia,
565 2540 617 2589 aut
635 2529 811 2612 bibliopolia
833 2540 994 2591 emittatur.
1044 2530 1150 2607 Neque
1167 2547 1242 2587 vero

145 2628 223 2691 haten
242 2629 389 2707 moriundi
411 2648 501 2689 causa
527 2632 636 2708 scribo,
659 2631 733 2715 (qno
754 2618 1008 2714 *quidineptiua'o
1031 2639 1084 2689 aut
1098 2628 1243 2706 ignorati-

147 2751 205 2791 one
226 2730 377 2790 tennitatia
406 2750 507 2806 meae,
535 2729 633 2813 (quod
655 2735 735 2794 enim
755 2732 876 2792 difficile
895 2752 959 2791 eece
981 2737 1124 2810 putatur,
1153 2747 1242 2789 nosee
1303 2764 1308 2773 ·

144 2853 226 2908 sese,
253 2840 408 2910 utcunque
429 2831 539 2900 didici:
558 2833 665 2894 atadui
695 2844 776 2905 certe
800 2831 934 2914 quidem)
959 2831 1013 2894 sed
1033 2840 1068 2892 ut
1088 2832 1242 2890 fortunam

143 2953 242 3005 meam
254 2953 383 3008 narrem,
406 2953 482 3014 quae
494 2956 550 3015 per
565 2937 695 3013 labores,
717 2956 779 2996 non
796 2944 859 2994 tam
879 2935 1027 2994 iucundos
1042 2943 1073 2992 et
1091 2934 1240 3006 lucroeos,
1278 2982 1283 2987 .

143 3054 236 3112 quana
254 3035 439 3094 neceasasioe
458 3045 490 3096 et
508 3038 702 3111 inevitabiles,
724 3036 764 3094 ad
776 3034 810 3094 id
821 3033 925 3094 aetatis
942 3042 973 3092 et
988 3032 1166 3091 valetudinis
1180 3053 1239 3109 me,
1292 3065 1299 3075 ι

112 3130 115 3137 ’
143 3133 221 3192 nihil
242 3134 302 3193 tale
328 3135 517 3213 cogitantem,
538 3116 757 3218 provexitut,
779 3153 849 3194 cum
875 3134 1003 3192 maxime
1023 3133 1242 3214 philosophan-

143 3234 217 3294 dum
232 3244 318 3311 easet,
339 3234 551 3318 philoaophari
567 3222 676 3319 parum
697 3239 795 3312 liceat,
817 3246 871 3296 aut
888 3236 979 3295 etiam
991 3236 1092 3296 libeat.
1136 3238 1241 3317 Neque
1317 3232 1322 3243 ¹

142 3355 217 3396 vero
230 3354 284 3413 ego
299 3337 380 3396 solua
397 3339 423 3397 ie
439 3359 514 3416 sum,
537 3359 625 3418 quem
637 3341 735 3400 honae
747 3352 822 3399 auae
836 3338 969 3399 rationes
983 3338 1161 3399 fefellerint:
1181 3339 1240 3398 aed

142 3436 206 3496 sive
225 3437 395 3516 frustratio,
414 3441 479 3499 aive
497 3427 648 3500 calamitas
665 3439 741 3501 haec
767 3458 835 3500 cum
859 3440 962 3500 multia
980 3438 1054 3498 mihi
1080 3450 1127 3499 est
1155 3458 1239 3500 com-

141 3539 249 3613 munis,
270 3558 318 3597 me
333 3539 421 3618 longe
441 3539 678 3620 eapientiorihua.
722 3540 935 3602 Demosthenes
957 3540 1143 3600 Paeanienaie
1163 3538 1239 3622 (cu-

140 3641 189 3730 ins
212 3641 393 3720 eloquentia,
416 3662 492 3721 quae
510 3641 573 3701 aine
593 3627 735 3723 eing'ulari
754 3644 915 3725 prudentie
940 3652 970 3704 et
990 3641 1098 3703 eximia
1121 3642 1238 3701 virtute

140 3762 230 3802 suum
243 3742 324 3801 tueri
334 3760 442 3802 nomen
461 3740 693 3825 haudquaquam
712 3755 824 3826 potest,
847 3745 999 3824 quondam
1014 3764 1071 3823 per
1085 3743 1239 3821 Europam

140 3854 171 3905 et
183 3843 284 3903 Asiam
297 3841 447 3901 celebrata
456 3841 523 3917 fnit,
545 3853 575 3902 et
590 3865 669 3906 nnnc
683 3849 770 3906 etiem
780 3848 918 3906 omnibus
935 3844 1067 3905 omniurn
1079 3842 1237 3903 stationum

139 3945 265 4012 cruditis
279 3940 467 4001 admirationi
483 3940 539 4025 est)
554 3944 626 4006 dnm
647 3967 718 4007 auoa
734 3944 943 4020 Athenienses,
966 3943 1084 4023 ignavia
1105 3952 1136 4002 et
1157 3943 1235 4004 luxa

138 4052 305 4115 enervatos,
329 4042 367 4101 ed
382 4047 624 4124 recuperandum
637 4048 778 4107 Graeciae
793 4048 1005 4128 principatum,
1023 4044 1165 4125 quemad
1180 4048 1236 4102 an-'

136 4164 193 4206 nos
204 4164 270 4207 ια
285 4153 452 4221 tenuerant,
474 4148 605 4226 primum
626 4149 711 4208 clade
724 4148 964 4230 Hellespontiaca
976 4166 1036 4206 una
1053 4166 1122 4206 eam
1133 4144 1234 4205 Eber-

135 4230 197 4309 tate
218 4246 356 4307 amissum
368 4291 376 4323 ,
406 4247 513 4310 deinde
535 4248 666 4311 Conom's
684 4246 832 4311 industria
855 4260 1027 4332 receptum,
1052 4267 1113 4310 nec
1135 4247 1233 4308 multo
