2768 4724
208 201 276 265 aea
377 140 1179 283 'aaucaarssmniioisssarsam'
1281 239 1283 242 ,

200 363 228 431 'ii
243 364 423 440 leidiccret,
444 371 536 445 atque
551 362 673 424 omnino
689 362 726 422 eal
740 364 844 443 plnres
854 364 934 425 mitti
947 364 1070 425 iubclmt
1085 365 1307 449 Atheniensium
1363 358 1366 363 ¹

204 453 357 530 totiusque
372 449 516 510 Graeciae
534 457 639 509 sutus.
682 450 723 509 m
733 450 835 530 ipsum
846 459 996 510 oratorem
1015 453 1151 512 ornisisee
1163 474 1307 533 reurgra-

205 538 321 596 vissimi
330 534 490 613 momenti,
512 552 589 612 quoe
602 532 729 594 maxime
744 533 772 593 ei
784 532 870 593 cordi
885 544 967 612 erat,
988 546 1041 594 aaut
1055 539 1216 598 oculorum
1230 549 1308 599 nutu

203 630 322 683 tautum
343 619 507 693 indicasse,
527 637 599 677 num
617 616 761 678 credibile
774 618 839 678 esti
859 652 904 666 -·-
925 618 1055 681 Omnino
1074 642 1138 682 run
1152 623 1225 683 satis
1242 642 1307 703 gru·

204 726 273 767 rem
304 704 424 783 iudico,
462 720 540 782 quae
564 703 654 762 altius
681 711 843 781 repetatur.
891 704 934 763 Ut
954 705 1107 783 ostendat,
1133 706 1310 789 Philippum

204 810 286 851 nunc
302 789 425 869 quidem
438 787 559 847 minime
578 807 642 848 oceo
653 787 804 864 validum,
824 787 904 847 inter
920 787 980 850 elia
1000 789 1061 850 hoc
1080 791 1144 850 suia
1163 803 1308 872 reputan-

203 873 278 935 dum
303 874 414 946 tradit,
449 890 539 950 quam
560 871 678 931 infirma
705 871 878 932 conditione
899 870 1032 955 Philippi
1060 896 1130 935 cum
1156 875 1307 938 Thessalis

203 960 306 1025 iuncta
323 955 452 1018 amicitia
464 957 589 1019 nitatur.
632 955 745 1017 llcinde
763 956 943 1017 exhortatur
962 979 1049 1034 suos,
1072 971 1108 1019 ut
1119 970 1241 1021 strenue
1256 981 1306 1021 res

204 1052 363 1125 capessant
375 1043 548 1119 legatosque
560 1040 696 1117 mittant,
718 1033 772 1119 ἐφ’
788 1036 876 1107 iiis?-
915 1042 1039 1103 Poterat
1060 1045 1181 1124 quidem
1195 1046 1306 1125 aliquis

200 1129 294 1189 'raldo
310 1137 417 1187 acutus
438 1126 511 1185 iude
530 1126 692 1201 coniicere,
715 1124 753 1185 ‹le
772 1126 920 1205 legatione
933 1128 973 1187 etl
988 1127 1146 1191 Thessalos
1160 1131 1305 1190 mittenda

204 1231 372 1273 sennonem
390 1230 471 1285 csae;
498 1209 553 1270 scd·
572 1209 644 1289 quial
667 1209 779 1270 ccteri'l
810 1242 843 1257 -·
864 1212 905 1270 lis
923 1232 985 1271 uon
1005 1213 1063 1271 nisi
1082 1216 1114 1273 in
1133 1214 1307 1275 uuiversum

205 1299 244 1357 ud
258 1298 397 1358 maiorem
411 1294 590 1355 iudustriam
610 1295 741 1355 excitare
757 1304 862 1379 orator
871 1293 970 1357 rideri
986 1306 1123 1377 poterut,
1144 1308 1307 1379 postquam

203 1402 289 1461 spem
301 1380 401 1441 adhuc
414 1379 559 1458 reliquam
574 1379 751 1439 ostenderat.
771 1380 847 1439 Nam
859 1381 1020 1457 allegatos
1036 1382 1074 1441 ad
1090 1383 1250 1462 Olynthios
1266 1383 1306 1443 ad
1365 1442 1374 1457 ,

165 1468 315 1526 illocales
339 1462 518 1525 [limandum
537 1460 799 1543 nunciandumque
814 1465 886 1524 nori
900 1466 1005 1525 auxilii
1017 1469 1179 1528 adventum
1196 1469 1306 1529 iterum

156 1574 159 1584 ·
202 1554 371 1626 mitterent,
400 1548 434 1608 id
454 1547 736 1629 commemoratione
752 1550 824 1608 satie
843 1548 965 1626 dignuin
983 1561 1057 1611 erat.
1100 1552 1205 1631 (vide,
1226 1572 1305 1632 quae

199 1636 375 1697 dicebamus
390 1633 430 1691 ad
444 1633 636 1692 refutandum
650 1632 779 1712 primum
792 1633 981 1694 Lucchesiuii
994 1632 1232 1718 argumentum.)¹
1261 1638 1305 1696 Ea

201 1721 295 1799 igitur
307 1729 401 1780 restat
414 1718 589 1791 difficultas,
611 1717 694 1796 quod
707 1719 882 1777 sententiam
890 1719 1100 1799 imperfectam
1113 1731 1215 1782 orator
1229 1732 1305 1783 uino

200 1805 387 1887 protulisset
428 1802 470 1862 At
490 1801 585 1882 quidl
615 1803 641 1860 si
659 1811 807 1862 oratorem
827 1802 931 1862 eadem
949 1803 986 1864 de
1004 1826 1039 1867 re
1059 1807 1217 1867 consilium
1229 1827 1305 1886 apc-

200 1892 298 1951 ruiese
317 1887 499 1961 viderimus,
528 1904 628 1945 nonne
643 1884 831 1945 haecomnia
848 1891 1013 1949 intellectui
1029 1891 1236 1950 safissacieut'l
1261 1892 1304 1951 Et

201 1975 343 2056 prolecto
360 1974 392 2031 in
414 1972 547 2031 oratione
566 1971 589 2029 l.
609 1991 640 2050 p.
652 1976 703 2035 21.
719 1971 802 2036 l.25.
823 1969 899 2032 haec
919 1975 1014 2034 verba
1038 1971 1144 2036 habes:
1172 1971 1250 2055 πρὸς
1267 1974 1304 2038 el

204 2053 374 2137 fimolorle
384 2056 545 2137 noeollglcv
556 2055 702 2133 πέμπειν,
723 2051 746 2135 ἢ
761 2051 833 2128 τούς
853 2056 905 2136 μὲν
921 2055 1034 2134 διδάξει
1049 2066 1158 2137 ταῦτα,
1179 2055 1254 2133 scale
1269 2057 1304 2122 δὲ

201 2144 373 2229 παροξυνεῖ.
416 2141 495 2200 Hinc
505 2139 633 2221 pulchre
654 2139 753 2199 omnia
766 2143 950 2221 procedunt:
973 2165 1041 2205 nam
1062 2143 1301 2205 ctiamlrocloco

202 2249 340 2303 causam,
366 2247 422 2285 cur
440 2227 495 2284 illa
511 2224 650 2299 suadeat,
680 2244 744 2284 caui
766 2225 867 2301 addit,
895 2227 977 2305 quod
987 2229 1146 2289 Thessalos
1160 2228 1302 2307 Philippo

200 2315 326 2375 infestos
345 2331 408 2370 esse
423 2311 506 2369 sciat.
531 2310 595 2387 lam
611 2319 770 2387 postquam
786 2310 816 2368 in
832 2312 920 2371 tertio
934 2319 1066 2372 oratioue
1077 2315 1158 2373 illem
1175 2312 1303 2383 dixerat,

203 2398 304 2458 statim
323 2394 492 2454 exhortatio
511 2395 662 2471 sequitur,
684 2403 720 2451 ut
740 2395 852 2469 legatos
868 2398 988 2456 mittant
1007 2392 1058 2475 ἐφ’
1076 2395 1098 2460 ii
1119 2401 1172 2462 elei.
1216 2399 1301 2457 Idem

200 2484 295 2560 igitur
315 2483 527 2538 sententiarum
555 2496 650 2536 nomas
672 2476 723 2536 hic
745 2479 823 2537 idem
846 2481 948 2539 suasit.
998 2484 1116 2558 Quare,
1154 2482 1213 2540 nisi
1234 2482 1303 2559 qais
1359 2533 1365 2543 .

200 2575 306 2645 eleget,
328 2562 484 2643 pulchrius
503 2563 628 2639 intelligi
648 2582 697 2636 ea,
728 2582 804 2641 quac
823 2565 917 2623 verbo
935 2576 1050 2625 tantum
1072 2576 1150 2626 tacta
1167 2576 1255 2640 sunt,
1275 2566 1303 2623 si

201 2650 399 2731 praecesserit
414 2656 598 2728 expressunt
611 2646 749 2705 distincta
761 2647 804 2707 rci
819 2652 976 2724 enarratio,
994 2652 1122 2729 quamsi
1135 2671 1194 2710 raon
1210 2670 1303 2729 prae-

201 2735 341 2811 cesseril3
362 2732 422 2811 hoc
441 2740 617 2811 argumento
638 2751 700 2789 uno
725 2733 795 2815 satis
807 2732 1003 2795 demonstrari
1023 2745 1114 2815 puto,
1136 2735 1302 2795 orationem

201 2830 334 2880 nostram
349 2820 475 2897 primam
488 2836 551 2877 esec
568 2836 629 2874 non
646 2836 742 2894 posse.

267 2903 326 2962 Sed
342 2906 516 2982 priusquam
535 2899 594 2959 hoc
614 2910 820 2976 argumentum
845 2904 1066 2983 relinquamus,
1099 2902 1302 2963 removendus

202 2999 248 3049 eet
271 3008 371 3060 error,
394 2988 425 3045 iu
442 3008 530 3064 quem
552 2986 638 3044 sacilc
654 2985 784 3043 incidero
801 2987 909 3069 aliquis
923 2990 1029 3066 possit.
1071 2990 1208 3047 Solemus
1222 2987 1301 3045 eninr

145 3108 147 3112 ,
201 3083 275 3132 uine
291 3073 322 3130 in
339 3073 524 3150 expositione
536 3069 649 3148 aliquid
663 3069 798 3128 omittere
815 3080 868 3129 aut
879 3082 1083 3131 rutulantum
1096 3071 1301 3146 indicare,ubi

201 3177 250 3217 ree
273 3155 409 3237 omnibus
424 3161 543 3231 cognita
560 3175 624 3213 csso
635 3155 774 3235 porritur,
794 3153 939 3234 ideoque,
960 3157 1011 3215 ubi
1028 3157 1065 3215 ‹lc
1080 3158 1184 3217 cadem
1197 3156 1301 3236 paullo

201 3252 287 3301 antea
300 3240 500 3319 disceptatum
512 3240 621 3298 suerat.
640 3248 644 3259 ’
661 3238 796 3298 Fortasse
812 3249 873 3315 cst,
896 3241 947 3319 qui
966 3241 1036 3300 inde
1051 3243 1186 3319 colligat,
1206 3240 1302 3301 verbo

201 3320 291 3405 ἐφ’ὃ
313 3328 361 3389 δεῖ
378 3346 440 3384 non
459 3344 547 3404 posse
567 3323 606 3380 ad
632 3341 666 3381 ca
690 3323 855 3402 respicere,
891 3345 968 3404 quae
985 3326 1017 3384 in
1040 3327 1138 3406 prima
1155 3325 1302 3385 concione

198 3410 282 3470 dicta
297 3419 398 3485 mant,
420 3409 503 3490 quod
519 3408 594 3466 hacc
607 3408 867 3484 rcnroliorsnerit,
890 3410 942 3469 sed
959 3409 998 3468 ad
1015 3431 1065 3486 eo,
1087 3430 1165 3487 quae
1182 3411 1215 3469 in
1227 3430 1302 3468 con-

116 3566 120 3573 ·
200 3496 288 3555 cione
309 3495 347 3553 ab
371 3496 430 3554 olio
446 3495 576 3573 quodam
595 3492 714 3569 prolata
735 3492 863 3567 suerint,
892 3498 1067 3573 priusquam
1087 3492 1302 3555 Demosthenes

201 3582 366 3641 orationem
385 3599 468 3637 suani
482 3577 637 3649 habuerit,
659 3577 700 3634 ita
713 3587 749 3635 ut
761 3589 935 3655 argumento
948 3578 1018 3654 illo,
1041 3578 1122 3657 quod
1140 3599 1233 3658 supra
1246 3598 1303 3635 ex-

158 3666 373 3747 monuimus,
400 3685 462 3723 non
483 3661 678 3742 impediatur,
700 3681 762 3739 quo
785 3663 884 3722 minus
897 3658 977 3722 lnuic
991 3665 1155 3724 orationem
1171 3661 1302 3740 primam

200 3752 352 3810 faciamus.
397 3750 456 3808 Scd
477 3767 581 3807 manca
598 3744 732 3805 lrocceet
752 3749 915 3807 conclusio.
957 3750 1032 3808 Nam
1051 3749 1139 3806 ctiam
1160 3746 1186 3803 ei
1205 3747 1300 3808 verba

200 3832 253 3914 ἐφ’
268 3831 290 3897 ii
303 3837 352 3898 δεῖ
368 3854 429 3894 non
452 3833 558 3892 odilla
578 3829 779 3908 respicerent,
801 3852 877 3911 quae
896 3833 929 3891 iu
949 3833 1082 3891 oratione
1104 3831 1202 3907 prima
1219 3830 1300 3892 dicta

200 3930 300 3995 crant,
322 3919 376 3980 sed
397 3918 435 3977 ad
453 3918 700 3978 concionatorum
719 3916 757 3974 de
777 3916 898 3987 eiusrci
912 3918 1041 3995 utilitato
1055 3912 1300 3989 deliberationes,

84 4044 93 4063 a
199 4003 395 4063 tamcnlmaco
411 4002 606 4063 exorationis
622 4001 738 4079 primae
749 4000 818 4059 loco
840 4000 892 4059 illo
907 4002 1049 4077 originem
1064 3998 1202 4075 duxisse,
1224 4020 1300 4059 con-

198 4099 373 4148 sentaneum
385 4084 440 4148 cat'.
482 4088 638 4147 Praeterea
655 4085 720 4163 quie
736 4084 776 4141 ite
792 4103 863 4142 suae
876 4085 980 4145 salutis
992 4085 1180 4145 immemores
1196 4085 1301 4147 credat

199 4174 408 4249 Athenienses,
429 4181 465 4231 ut
490 4175 537 4233 vcl
556 4176 660 4231 eorum
683 4167 767 4227 obliti
791 4168 917 4246 suerint,
939 4168 1069 4251 quesnel
1085 4170 1299 4243 bellieocieta-

197 4269 257 4321 tem
271 4260 394 4321 incitore
405 4258 479 4318 iussi
493 4254 600 4318 ermrt'l
1152 4250 1156 4259 '
