2768 4724
176 220 239 291 tot
349 294 352 299 ,
449 178 955 281 'nstssnenasrarso
1047 257 1052 264 .

64 432 71 449 .
173 389 266 449 inisse
278 385 426 448 edendos:
445 384 482 448 id
499 386 728 469 quodproiecto
747 383 844 447 halitu
857 386 920 448 oria
934 384 1042 447 confici
1065 406 1126 448 oon
1141 394 1269 466 poterat.

174 474 249 535 Cum
262 471 460 533 Demosthene
474 471 564 535 simin
578 472 781 532 annotationes
798 471 931 531 omnium
943 492 1083 552 measque
1096 472 1183 547 dare,
1195 483 1272 533 tex-

174 558 221 618 tui
236 556 416 632 substratas,
435 577 497 616 non
517 557 633 616 sinebat
651 556 786 634 angustio
806 554 941 632 clrartae;
964 577 1031 617 nam
1044 557 1088 618 sic
1100 558 1273 636 saepissima
1356 627 1360 634 ¹

111 650 114 657 '
175 637 262 703 serrae
286 639 324 700 ad
342 642 464 701 octones
485 641 609 721 paginae
630 641 711 700 omni
732 659 857 720 prorsus
873 660 986 701 vacuae
1004 629 1138 702 o'rntiono
1156 644 1272 701 Demo-

175 726 311 786 sthenica
324 725 560 791 intercessissent
569 723 786 801 revolvendse3
808 743 891 804 quae·
904 746 951 785 res
966 726 1173 787 molestissima
1189 727 1273 785 suis-

175 821 230 886 set,
253 809 428 890 praesertim
441 807 669 871 Demosthenem
681 809 802 886 legenti,
825 809 910 869 cuius
927 809 1045 890 periodi
1061 820 1274 872 tamextentao
1320 865 1328 873 .

156 909 158 912 “
175 905 280 957 ettam
296 894 465 973 implicatas
479 911 540 952 nno
556 902 719 975 compacta
738 894 916 972 perlustrari
943 902 973 954 et
994 914 1055 956 uno
1073 893 1184 977 spiritu
1196 916 1275 974 per-

175 980 234 1058 legi
249 978 365 1052 volunt.
408 976 618 1037 Demosthenes
638 976 670 1037 in
690 978 867 1037 formatam
878 978 1009 1054 minuta,
1032 988 1141 1039 cuncto
1153 980 1276 1039 instru-

142 1100 148 1113 ·
176 1074 243 1124 ctus
269 1073 431 1142 apparatu,
465 1057 565 1121 statim
578 1061 684 1128 ,textui
706 1063 877 1137 substrato,
910 1063 993 1122 aolus
1017 1073 1086 1123 octo
1109 1063 1148 1122 ad
1171 1063 1275 1125 decem

175 1148 328 1209 volumina
341 1147 504 1227 implesset.
545 1144 632 1209 altus
643 1146 743 1211 teneri
755 1145 864 1209 modas
878 1145 913 1206 in
926 1148 1097 1211 oratoribus
1108 1148 1276 1211 minoribus

175 1241 312 1315 poterat,
334 1246 462 1313 qnorum
478 1240 555 1290 esset
567 1229 624 1289 alia
640 1229 761 1293 dicendi
769 1230 869 1306 ratio,
890 1229 1099 1312 minorque'ad
1111 1252 1162 1292 eos
1175 1252 1277 1293 anno-
1369 1256 1373 1265 ·

176 1316 324 1392 tatornm,
353 1326 383 1376 et
402 1335 491 1394 saepo
510 1315 599 1395 plano
616 1314 699 1374 nulls
721 1315 817 1394 copis.
865 1315 1038 1392 Praeterea,
1068 1337 1138 1377 eum
1160 1317 1277 1379 Demo·-
1357 1312 1362 1321 ⁸

176 1399 477 1473 sthenesetminores
498 1398 732 1474 excuderentur,
755 1397 912 1479 sperabam
924 1399 1077 1477 futurum,
1099 1410 1135 1460 nt
1149 1400 1187 1460 ad
1207 1422 1277 1463 eum

92 1536 96 1542 .
178 1485 344 1546 ornandum
363 1504 460 1545 norae
488 1483 569 1543 ande
593 1480 672 1544 unda
703 1483 806 1564 eopia'e
835 1483 1029 1561 advenirent,
1066 1483 1199 1566 mihique
1221 1486 1277 1547 otii

176 1579 261 1629 tanto
282 1570 353 1650 plus
368 1567 595 1648 euperfuturum
614 1588 680 1635 ntea
702 1567 930 1629 Demosthenics
951 1568 1123 1649 expoliendi
1140 1579 1170 1631 et
1184 1571 1278 1630 locu·-

176 1653 330 1734 pietandi3
352 1651 434 1733 qnod
456 1656 549 1711 otium
570 1650 644 1712 mihi
663 1661 783 1732 praeter
805 1657 898 1732 spem'
907 1663 1048 1731 negatum
1069 1654 1134 1714 tuit.
1181 1655 1277 1716 Citius

179 1757 265 1816 orgo,
280 1758 371 1819 quam
384 1757 480 1811 nnnc,
495 1736 557 1796 huc
567 1736 720 1818 perveniri
734 1756 795 1797 non
807 1744 941 1817 poterat,
961 1736 1000 1796 ad
1014 1738 1186 1799 facultatem
1201 1748 1279 1819 puta

177 1842 245 1882 mea
274 1821 503 1882 Demosthenica
523 1821 555 1881 in
578 1821 734 1901 publicum
756 1821 938 1901 proferendi.
987 1821 1072 1895 Quae
1094 1822 1197 1903 quanti
1216 1824 1279 1883 sint

177 1904 331 1981 facienda,
361 1906 569 1985 cuiusquam
595 1905 784 1982 existimare,
819 1925 907 1985 quens
924 1906 961 1980 iia
986 1906 1033 1968 ati
1054 1904 1092 1965 sd
1118 1906 1279 1967 lectionem
1350 1930 1353 1936 ·

177 1990 261 2052 liam.
280 1988 405 2050 iuvabit.
450 1990 547 2064 Quam
567 1989 641 2050 mihi
662 1990 775 2064 cruda,
798 1989 953 2070 irnpolits,
974 1989 1134 2051 illaborata
1150 1991 1208 2071 ipsi
1223 1995 1279 2052 vi-

179 2074 322 2149 deantur,
360 2075 392 2134 in
415 2074 600 2155 praefatione
623 2073 661 2133 ad
679 2073 810 2154 primum
832 2077 973 2135 volumen
998 2074 1089 2135 huius
1115 2085 1280 2156 apparatus
1301 2071 1305 2085 '

179 2158 278 2221 critici
298 2158 357 2231 ism
380 2167 562 2244 conquestus
579 2174 661 2222 snm.
689 2160 758 2238 Quo
774 2157 891 2219 accedh
911 2159 943 2219 in
963 2160 1120 2221 cumulum
1132 2162 1280 2229 melorum

118 2311 121 2320 ‚
169 2242 357 2322 ,hocingens
369 2245 499 2319 malum,
522 2242 621 2323 quod,
644 2262 705 2322 qno
725 2252 862 2323 tempore
879 2245 1086 2314 annotationes
1106 2265 1189 2305 meas
1206 2244 1281 2306 mihi

180 2327 336 2390 evetustis
349 2329 469 2389 schedis
483 2326 713 2408 expromendas,
735 2328 940 2409 excutiendae,
961 2328 1040 2389 inter
1055 2331 1280 2391 transscriben-

181 2413 253 2473 dum
276 2413 523 2492 locnpletandae,
546 2411 619 2495 alias
638 2410 838 2473 coemendae
859 2422 948 2492 atque
967 2413 1204 2490 contrahendae,
1226 2415 1283 2474 de-

181 2498 273 2577 nique
285 2497 375 2556 variis
392 2497 490 2557 modis
505 2496 681 2575 digerendae
695 2507 786 2577 atque
800 2497 1057 2560 transformandas
1071 2509 1102 2559 et
1114 2509 1282 2559 retractan-

183 2581 239 2640 dae
262 2589 376 2656 essent,
412 2580 559 2641 incideret
577 2579 653 2642 haec
678 2603 785 2661 opera,
813 2583 913 2642 virum
938 2598 1067 2660 gnavum
1092 2592 1123 2642 et
1141 2593 1281 2660 vegetum

181 2667 355 2745 postulans,
376 2665 408 2724 in
428 2676 545 2745 tempus
565 2676 625 2725 tans
640 2667 794 2745 iniquum,
822 2674 858 2725 ut
869 2686 925 2745 per
939 2675 1032 2725 totam
1046 2676 1172 2726 aemtcm
1184 2687 1283 2727 means

182 2750 314 2828 iniquius
328 2749 412 2811 aliud
425 2770 588 2829 numquam
601 2751 758 2829 attigerim.
793 2750 856 2809 lam
870 2751 1039 2829 complures
1052 2770 1145 2810 annos
1158 2751 1283 2811 molesta
1359 2784 1362 2788 ·

42 2848 45 2853 ·
78 2892 88 2911 Ι,
184 2844 215 2893 ct
225 2833 368 2895 insidiosa
383 2833 465 2918 (nam
477 2836 616 2916 pertinax
629 2847 659 2896 et
672 2833 792 2898 rebellis
812 2837 887 2911 erat)
902 2836 993 2895 tussis
1007 2833 1088 2894 sires
1101 2857 1182 2896 mess
1198 2836 1285 2896 labe·

185 2919 323 2981 sactarat.
372 2921 434 2980 iam
459 2919 495 2980 ab
521 2907 643 2981 ineuat'o
664 2919 723 2980 hoc
746 2940 817 2981 vere
836 2920 877 2981 ad
899 2918 960 2979 hoc
979 2919 1038 2979 diei
1057 2920 1166 2993 saevit,
1192 2921 1284 2980 fibras
1307 2953 1309 2957 ν

169 3004 358 3083 Ι,Ριιὶιηοιιεαε
373 3005 486 3080 erodit,
508 3005 626 3078 evellit,
645 3014 795 3078 exscreat,
814 3004 932 3064 radices
943 3004 1023 3063 vitae
1037 3023 1119 3062 meaa
1141 3006 1286 3065 convellit

185 3097 215 3147 et
230 3088 360 3166 dilaniat.
404 3089 472 3163 Qua
492 3089 563 3149 mali
584 3088 779 3149 diuturnitate
803 3096 832 3145 et
852 3086 974 3147 saevitis
997 3095 1058 3145 tam
1081 3107 1147 3146 sum
1171 3090 1286 3149 fractus

186 3181 215 3230 et
233 3172 401 3233 exinanitus
429 3183 460 3235 et
490 3181 666 3245 enervatus,
703 3180 739 3230 ut
760 3170 814 3233 vix
835 3169 866 3227 in
886 3169 1025 3229 cubiculo
1042 3171 1091 3229 vel
1109 3173 1189 3232 lecto
1204 3182 1287 3243 (nam

187 3256 230 3317 sic
251 3256 452 3334 loquebantur
486 3267 618 3333 veteres,
647 3252 702 3315 sed
718 3252 876 3328 hodierni,
906 3253 986 3314 hanc
1006 3255 1182 3318 latinitatem
1203 3258 1287 3319 haud

188 3339 357 3418 capientes,
385 3342 417 3412 in
445 3362 519 3402 oeoo
539 3350 703 3420 usurpant,
739 3338 867 3399 literulis
896 3340 1071 3400 exercendis
1097 3349 1284 3418 consecrato)

187 3435 290 3485 rectus
309 3434 340 3484 et
361 3436 500 3505 constans
520 3423 704 3486 inambulare
722 3422 846 3502 possim.
889 3422 955 3485 Hoc
971 3433 1016 3483 est
1031 3425 1108 3485 illud
1128 3428 1287 3506 iniquissi-
1352 3495 1357 3508 ι

189 3528 271 3570 urum
283 3519 421 3589 tempus,
443 3509 525 3590 qnod
539 3510 623 3582 dico,
645 3528 706 3587 quo
727 3527 888 3587 oppressus
900 3510 1106 3570 annotationes
1120 3509 1179 3569 hoc
1191 3514 1288 3577 solu-

188 3595 267 3655 mine
281 3590 511 3673 comprehensas
526 3591 706 3672 conscripsi,
730 3601 761 3650 et
776 3592 943 3668 variantes,
965 3592 1079 3657 dudum
1097 3606 1166 3656 anto
1187 3597 1287 3656 colle-

190 3687 270 3755 etas,
303 3678 383 3738 auxi.
413 3678 591 3747 ,Habebunt
615 3677 650 3735 in·
666 3676 846 3736 aestimanda
859 3699 925 3737 mea
940 3697 1039 3770 opera
1061 3679 1286 3740 Demosthenica

114 3767 117 3774 '
189 3765 277 3842 aequi
295 3761 399 3824 arbitri
421 3761 529 3825 horum
551 3761 808 3839 ncommodoruus
828 3771 858 3824 ct
877 3759 1023 3825 humanae
1043 3764 1221 3827 infirmitatis
1236 3785 1288 3823 ra-

192 3849 311 3909 tionem.
877 3890 884 3895 -

252 3933 315 3994 lam
334 3936 458 3995 seorsim
478 3936 549 3995 mihi
576 3936 612 3997 de
625 3936 766 3998 Tourcllo
779 3935 886 3996 adhuc
904 3934 1040 4008 rsonnihil
1059 3944 1105 3994 est
1123 3935 1290 3995 admonen-

157 4025 160 4031 '
190 4017 272 4092 dum,
291 4028 450 4097 antequam
461 4022 587 4081 ulterius
599 4023 770 4101 procedam.
802 4021 908 4099 Magna
920 4021 1025 4098 utique
1040 4029 1110 4078 sunt
1121 4020 1290 4098 meritoque

124 4165 128 4178 ,
191 4104 341 4164 celebrata
353 4105 486 4168 Tourelli
500 4105 538 4167 de
549 4105 746 4168 Demosthene
760 4106 874 4164 merita.
908 4105 968 4167 Sed
987 4112 1023 4163 nt
1042 4114 1144 4165 orator
1159 4104 1290 4163 disertus

105 4184 113 4195 ’
191 4190 293 4266 magis,
316 4191 368 4269 qui
383 4203 456 4268 crat,
478 4212 569 4272 quarn
583 4201 618 4250 ut
630 4191 746 4250 subtilis
762 4191 893 4263 criticus,
908 4186 1134 4249 Demosthenem
1145 4198 1291 4248 tractasse

192 4272 265 4335 mihi
290 4275 374 4335 visus
394 4288 456 4353 est,
484 4287 515 4338 et
534 4278 568 4339 in
587 4276 754 4357 colligenda
770 4274 894 4337 materia
917 4274 1145 4337 annotationum
1167 4271 1291 4335 histori-
