2768 4724
272 219 324 269 ’.“
387 214 463 278 ‘AD
492 206 862 282 onsuotrrtrfl.
893 216 936 282 11.
1035 274 1043 287 .
1153 222 1217 291 2³7

82 462 87 470 ¹
122 388 236 472 passim
250 388 390 451 oonlusas
402 404 485 449 esse:
505 385 560 448 sed
577 387 692 450 sectum
707 388 741 449 id
759 397 803 450 est
821 399 954 468 pareest
966 389 1075 453 sobrie.
1118 390 1217 469 Nune,
1236 444 1239 453 .
1261 394 1283 427 ’·

120 478 150 535 si
167 476 242 555 quid
259 474 374 534 insoliti
394 470 426 539 in
446 473 570 533 illorum
587 473 710 552 scriptis
729 474 874 544 offertur,
896 473 972 535 haec
984 486 1064 537 aetas
1076 477 1217 556 protinus

122 560 163 621 ad
177 559 382 619 confusionem
395 566 616 616 structurarum
627 558 793 635 fingendam
807 568 870 619 tam
881 558 1013 635 licenter,
1031 569 1091 621 tarn
1104 570 1219 623 temere

120 645 200 720 ruit,
220 652 256 701 ut
273 662 381 723 parum
399 651 505 701 cautas
524 662 691 722 parumque
710 643 895 720 intelligens,
924 645 977 722 qui
999 644 1137 721 figmenta
1156 647 1216 707 ists

120 727 257 810 quotidie
281 726 404 787 uberius
424 747 460 784 sc
480 727 685 806 portentosius
704 726 886 806 pullulantia
906 730 1141 808 contempletur,
1167 731 1216 790 sa·
1248 784 1252 795 ,

119 812 178 873 cile
198 810 320 887 credat,
339 820 457 871 veteres
478 830 541 869 non
558 808 712 890 scripsisse
732 811 791 871 nisi
810 811 935 871 ebrios'
963 808 1215 893 Longesubtilius

118 896 159 957 de
180 905 285 956 nostro
307 896 378 955 loco
400 894 565 974 disputavit
581 895 754 974 Philologus
778 895 922 970 eximius,
940 896 1007 955 Car.
1026 896 1076 955 Fr.
1094 896 1216 958 Heinri-
1255 924 1259 931 ’
1303 945 1306 955 .

119 980 223 1056 chius,
250 980 283 1039 in
303 978 457 1058 Epimetro
483 979 585 1067 addito
605 977 679 1058 Aug.
706 979 856 1039 Twesteni
877 980 1128 1041 Commentationi'
1148 981 1215 1043 Cri-

118 1068 199 1126 ticse
212 1065 250 1125 de
263 1063 395 1124 Hesiodo
412 1063 537 1138 (Kiliae,
553 1063 670 1142 1815.).
714 1063 863 1137 Quicum
885 1064 923 1125 de
945 1064 1050 1125 Latina
1075 1070 1216 1143 consuo-¹

119 1152 220 1210 ctione
245 1167 311 1207 mos
332 1144 444 1206 dierum
465 1169 519 1228 per
542 1170 652 1206 moeses
680 1145 830 1229 digerendi
846 1169 865 1207 a
883 1149 1042 1211 Twesteno
1066 1159 1215 1229 usurpato
1268 1166 1275 1181 ‘

118 1237 212 1296 docto
229 1231 435 1305 disseruisset,
461 1231 576 1309 „llntio
601 1231 705 1310 [huius
727 1232 973 1312 constructionis]
1001 1237 1087 1308 est,“
1114 1235 1216 1314 inquit

116 1341 148 1400 p.
167 1324 220 1385 73.
242 1337 308 1395 sq„
335 1315 445 1395 „quod
464 1316 497 1375 in
517 1314 577 1375 boc
596 1296 711 1394 duplici
733 1316 864 1394 genitivo
887 1318 979 1393 alter,
1002 1317 1149 1388 nominis,
1174 1316 1215 1377 sit

118 1403 246 1475 obiecti,
271 1402 364 1474 alter,
383 1399 483 1474 verbi,
508 1399 687 1479 explicando
707 1400 833 1460 obiecto.
875 1403 938 1462 Nec
957 1422 1217 1482 supervacaneum

88 1549 91 1554 ,
118 1489 195 1562 erit,
219 1486 307 1544 simul
329 1484 391 1568 eius
411 1493 578 1544 structurae
606 1485 749 1562 originem
771 1496 955 1562 monstrare,
989 1507 1065 1567 quae
1092 1487 1214 1566 quidem

118 1581 166 1631 est
190 1589 283 1650 penes
304 1569 452 1644 Graecos,
489 1569 600 1649 quippe
624 1570 737 1648 primos
768 1580 903 1631 auctores
932 1581 1053 1649 argutae
1078 1568 1230 1630 cuiusvis'
1318 1638 1321 1647 ¹

117 1662 290 1716 structurae
306 1653 340 1711 in
360 1672 494 1713 sermone
518 1652 631 1712 Latino.
673 1653 1026 1735 llemostb.01ynth.ll.
1047 1676 1079 1741 p.
1101 1661 1157 1732 19,
1180 1661 1212 1720 3.
1268 1652 1270 1657 ’

118 1728 163 1803 oio
179 1729 236 1803 οὖν
249 1737 365 1811 ἐκεῖνος
378 1735 433 1818 ptr
454 1728 570 1818 ὀφείλει
589 1730 750 1818 veterato
776 1730 872 1803 αὐτοῦ
884 1737 1144 1820 πεπολιτευμένοις
1155 1730 1216 1842 pd-¹

118 1848 186 1908 pes,
215 1815 290 1903 ὖμῖν
314 1821 347 1886 dl
378 1824 467 1901 δίκην
490 1819 637 1904 προσήκει
653 1824 773 1903 λαβεῖν,
802 1819 951 1887 τούτων
981 1816 1047 1905 οὐχὶ
1070 1829 1127 1886 νῦν
1147 1826 1214 1904 opoi'

116 1904 190 1972 τὸν
209 1902 349 1987 ιιαιρὸν
369 1911 439 1969 τοῦ
458 1905 591 1988 λέγειν.
632 1906 691 1964 Hic
702 1906 788 1967 valde
804 1907 928 1968 turbant
948 1909 1090 1968 nimirum
1112 1916 1143 1967 et
1158 1908 1218 1967 ‹ts-

117 1992 282 2071 scriptores
305 1999 335 2049 et
353 1989 499 2065 editores,
529 1991 621 2068 inque
643 1989 691 2050 his
717 2009 850 2068 nuperus
866 1993 1032 2068 Parisinus,
1060 1993 1212 2070 hogerum
1232 2050 1235 2056 ,
1333 2026 1336 2035 ·

117 2076 273 2137 Reiskimn
287 2075 414 2134 feliciter
428 2092 530 2133 sensns
545 2075 661 2155 aliquis,
677 2094 738 2132 non
750 2077 827 2135 ratio
840 2078 890 2134 vel
901 2077 1033 2150 scientis,
1049 2077 1212 2154 permovit,

117 2171 158 2221 ut
169 2159 312 2238 quosdam
325 2158 442 2218 audiret
454 2159 646 2239 incorruptos
660 2158 775 2233 Godd.,
791 2160 899 2241 quibus
916 2160 1033 2220 accedit
1042 2161 1212 2220 Hofniensis
1303 2202 1306 2208 -

117 2263 200 2305 unus
216 2243 414 2303 bibliothecae
432 2244 554 2320 Regiae,
581 2243 667 2301 nobis
690 2243 816 2303 collatus
834 2245 924 2304 docta
947 2264 1037 2323 opero
1058 2240 1212 2311 Ther-lacit

116 2330 156 2391 V.
175 2329 206 2387 C.
230 2327 311 2386 Nihil
331 2347 402 2385 sone
421 2327 676 2404 vulgato'rectius
696 2348 758 2387 esse
782 2338 884 2408 potest
905 2349 941 2388 ac
958 2328 1212 2405 magisdtticum3
1332 2362 1338 2369 -

117 2412 204 2494 quod
214 2412 317 2471 itidem
332 2409 428 2470 Latini
440 2410 624 2489 exprimunt:
653 2433 777 2471 eorum
797 2435 876 2475 nunc
889 2436 949 2474 ιιοιι
964 2411 1048 2475 uideo
1059 2434 1119 2472 esse
1133 2424 1213 2473 tem-

112 2522 174 2580 pas
201 2493 367 2557 dicendi.
410 2494 511 2572 Atque
533 2494 592 2555 hoc
622 2495 856 2556 animadvertere
878 2518 941 2556 non
958 2498 1064 2557 ¹solum
1085 2497 1221 2556 interest.

114 2579 325 2658 Demosthenis
345 2578 493 2638 editorum
513 2588 545 2638 et
560 2580 772 2659 interpretum:
799 2602 836 2640 ne
853 2581 885 2639 in
905 2581 989 2645 libris
1011 2581 1131 2660 quidem
1152 2582 1212 2650 do-

44 2706 47 2711 ›
116 2664 248 2725 otiorum
265 2664 528 2741 Grammaticorum
546 2674 718 2723 nostrorum
734 2666 819 2743 potui
835 2664 934 2724 adhuc
945 2666 1038 2737 ullam
1053 2665 1116 2724 eius
1137 2685 1212 2723 eon-

114 2748 290 2810 structionis
310 2747 445 2808 notitiam
466 2747 606 2825 reperire
616 2751 635 2781 “
676 2750 780 2827 Neque
805 2768 860 2825 ego
885 2751 1000 2826 reperi,
1030 2749 1217 2827 omninoque,

27 2864 31 2869 ’
113 2834 241 2913 requiro
255 2833 313 2890 alia
329 2832 464 2909 exempla
478 2831 609 2890 eiusdem
629 2832 867 2891 constructionis.
912 2835 980 2904 Quo
995 2831 1086 2907 magis
1103 2841 1211 2909 opton-
1231 2847 1236 2855 ·

113 2919 206 2993 dum,
227 2927 263 2976 ut
280 2917 381 2975 critici
401 2913 473 2974 huic
499 2917 544 2972 rei
560 2912 715 2992 diligenter
738 2916 892 2974 attendant
912 2917 1040 2993 dataque
1061 2935 1149 2993 opera
1162 2912 1212 2971 iu-

112 3004 280 3080 vestigent,
300 2999 396 3060 sicubi
417 3000 447 3057 in
472 2989 593 3057 Graecis
615 3000 812 3079 scriptoribus
835 3000 907 3058 talia
926 3000 1039 3058 lateant
1052 2996 1220 3057 obscuratis.

112 3107 173 3169 per
194 3086 303 3145 malam
321 3083 456 3144 fraudem
477 3083 669 3144 librariorum
688 3094 741 3143 aut
761 3084 919 3143 editorum.
963 3083 1028 3142 Hac
1048 3083 1211 3160 investigo-

112 3172 199 3232 ts‘oue
218 3171 243 3229 si
264 3168 346 3229 nihil·
359 3177 462 3226 nostro
482 3169 550 3226 loco
571 3189 626 3245 par
648 3177 700 3227 sut
717 3169 813 3227 simile
828 3167 984 3228 inventum
1005 3167 1114 3241 fuerit,
1139 3188 1211 3229 sorte

113 3275 276 3333 cogemur,
296 3252 465 3332 posthabita
479 3251 576 3310 Wolhi
592 3252 764 3330 Reiskiique
784 3254 981 3330 auctoritate,
1004 3273 1073 3311 cmu
1090 3253 1212 3330 Augero

111 3332 191 3415 aiulo
210 3346 277 3398 ante
292 3331 406 3400 τούτων
412 3335 558 3410 inserere.
583 3356 741 3396 sensurus.
1216 3400 1220 3409 Ι

182 3423 214 3482 Ρ.
238 3427 288 3487 19.
310 3441 339 3482 v.
361 3422 391 3486 5.
412 3420 460 3482 nal
476 3416 565 3501 χωρὶς
575 3415 705 3499 τούτων]
735 3424 795 3482 τῶν
813 3418 879 3496 περὶ
903 3421 961 3482 sair
977 3410 1223 3503 φιλιππιζόντων,

112 3501 255 3587 ρητόρων
268 3503 320 3570 sal
332 3510 392 3567 τῶν
410 3504 618 3584 πεποιημένων
631 3508 675 3590 τῷ
690 3505 829 3588 Φιλίππῳ
842 3500 916 3587 ὑπὲρ
938 3500 994 3585 τήν
1008 3497 1094 3581 illos
1107 3495 1223 3595 adrosis,

111 3610 216 3650 wocr.

180 3676 214 3735 P.
237 3678 285 3740 19.
308 3694 338 3732 v.
360 3679 391 3739 6.
414 3670 474 3749 ἔνι]
498 3670 569 3731 Post
587 3672 630 3735 ἔνι
645 3672 731 3732 addit
746 3672 897 3751 appendix
915 3672 1148 3732 Francolurtnna
1164 3670 1223 3734 tt:

110 3781 198 3843 yses,
221 3778 356 3818 necnon
380 3755 549 3834 exenrplum
568 3755 694 3817 Aldinae
720 3756 935 3835 Taylorsnum,
956 3776 1083 3836 quorum
1107 3755 1223 3821 embo-¹

110 3864 186 3903 sum
199 3842 279 3903 idem
293 3843 361 3900 fons
376 3851 434 3915 est,
458 3840 627 3919 exemplum
641 3840 767 3901 Pithoei.
788 3860 884 3899 rerer.
927 3828 1045 3899 Mallem
1064 3836 1224 3913 addituni,'

111 3947 186 3986 curn
210 3948 281 3987 mox
302 3936 444 4006 sequetur
461 3918 632 4003 ἀκηκοέναι.
653 3957 695 3970 ·-
710 3927 820 3985 Rarior
846 3945 918 3983 usus
941 3923 1030 3983 huius
1057 3923 1118 3993 doe,
1149 3944 1210 4001 quo

111 4013 228 4071 Orator
247 4011 344 4069 utitur
365 4012 453 4072 etiam
476 4029 506 4087 p.
519 4013 570 4083 24,
583 4015 633 4074 21.
646 4013 698 4084 46,
715 4015 765 4075 12.
786 4008 954 4088 Hesychius
968 4010 1002 4066 T.
1018 4008 1057 4067 ΙΙ.
1074 4030 1099 4068 c·
1116 4007 1208 4074 1597ss

37 4161 40 4166 ,
107 4089 176 4170 Ὦς
191 4096 245 4159 ἔνι.
269 4089 309 4166 eir
322 4094 414 4169 losio,
437 4087 479 4166 ὦς
492 4093 619 4174 ἐγχωρεῖ.
641 4114 801 4154 scissurus.
1221 4102 1224 4109 '

177 4181 212 4239 P.
236 4185 286 4245 19.
308 4197 339 4238 v.
361 4183 391 4242 6.
413 4178 461 4241 sat
475 4173 627 4262 βέλτιστόν
643 4178 735 4257 ἐστιν]
758 4171 808 4242 did
825 4175 860 4242 sd
882 4171 1096 4257 ἆνιιθιιῤῥῆσιιι
1111 4170 1210 4257 δήπου

109 4263 165 4330 sot
177 4263 232 4330 τόν
246 4259 350 4346 φόβον
364 4259 513 4344 ἐκβάλλειν
529 4253 618 4344 ὑμᾶς.
661 4263 852 4340 Attentienis¹
861 4272 892 4326 et
912 4260 1138 4337 benevolentiae
1149 4283 1225 4341 ,cs-¹„
