2768 4724
307 203 309 208 '
403 224 462 289 so
493 226 626 299 Qasr.
658 226 857 295 osruru.
885 231 949 327 111.
1161 240 1225 302 ma

192 395 226 455 Ρ.
248 400 298 461 28.
319 414 349 455 v.
372 399 402 459 6.
424 391 613 474 πεισοίμεθα]
643 393 809 476 πεισόμεθα
826 400 917 460 Paris.
936 409 1077 475 octavus,
1095 402 1220 479 August.

127 481 290 539 secundus.
310 498 406 541 uersu.
449 481 550 555 Lectio
570 481 691 558 vulgata
712 492 776 542 erat
788 479 976 563 πεισόμεθα,
999 506 1085 564 quam
1104 487 1218 547 bekke-

18 562 32 582 ⁸
128 582 183 622 rus
195 573 277 622 recte
291 565 420 623 mutavit
435 563 481 641 [in
493 557 691 644 aesodpedoJ,
712 586 870 644 perperam
880 569 1043 645 Riidigerus
1057 571 1224 630 revocavit.'

128 649 260 726 Uterque
282 657 381 707 tamen
400 651 433 707 in
450 669 504 707 sua
521 649 637 709 ratione
658 649 739 708 ultra
760 651 883 709 modum
899 654 1026 711 excedit.
1068 655 1220 714 llawesius
1248 720 1255 733 ⁸

129 732 244 789 scilicet
264 753 407 792 canonem
429 733 539 809 edixit,
570 727 653 805 ὅπως
672 729 713 813 μὴ
733 752 800 793 cum
824 736 1016 819 coniunctivo
1034 738 1150 795 nonnisi
1167 750 1221 797 ao*

127 816 195 874 risti
215 816 303 893 primi
321 817 434 896 passivi
460 827 490 878 et
511 817 613 876 aoristi
637 818 760 876 secundi
790 818 931 878 omnium
951 822 1130 896 sannarum,
1158 843 1220 882 non

128 908 229 957 autem
250 920 317 958 cum
337 902 442 960 aoristi
460 901 549 979 primi
568 901 759 962 coniunctivo
778 903 898 973 ,formae
921 906 1035 963 activae
1057 914 1087 963 et
1105 906 1220 967 mediae

49 981 52 985 ’
127 983 281 1060 coniungi:
304 1005 392 1062 quem
409 1006 551 1044 canonem
562 987 744 1044 recentiores
762 987 848 1045 etiam
864 987 902 1045 ad
917 983 997 1060 ὅπως
1011 990 1219 1065 extenderunt,

127 1087 240 1144 eosque
260 1079 380 1128 secutus
403 1071 635 1146 aethelstani,
667 1070 834 1146 Riidigerus
858 1081 956 1131 autem
975 1071 1057 1130 bunc
1077 1092 1221 1133 canonem

126 1152 242 1227 reiicit;
263 1153 380 1213 merito.
423 1154 498 1211 Nam
511 1155 594 1232 quod
609 1153 646 1211 de
660 1153 748 1212 simili
762 1156 912 1232 professus
926 1165 972 1215 est
984 1156 1169 1216 Hermannus
1181 1156 1224 1215 sd·

126 1235 221 1314 Sopb.
234 1235 278 1294 ai.
293 1239 382 1313 557.,
403 1237 484 1296 idem
503 1259 549 1296 me
571 1237 608 1296 de
622 1237 682 1295 hoc
697 1238 834 1317 profiteri
850 1249 987 1318 oportet:
1010 1238 1112 1314 „Mihi
1123 1240 1220 1299 canon

125 1317 199 1393 iste,
221 1330 256 1378 ut
274 1318 382 1379 idonea
399 1322 514 1380 ratione
530 1342 648 1398 carens,
672 1342 831 1401 numquam
853 1324 937 1382 visus
952 1334 997 1383 est
1016 1343 1105 1384 verus
1126 1326 1220 1383 esse.“

127 1401 317 1482 Quamquam
340 1408 418 1464 enim
435 1406 627 1465 librariorum
638 1407 686 1464 vel
699 1407 832 1466 incuriae
846 1407 895 1465 vel
914 1409 1106 1487 perversitati
1124 1407 1222 1468 mults'

110 1486 301 1563 tribuimus,
324 1508 459 1548 caussam
473 1485 572 1550 tamon
586 1512 647 1549 non
659 1491 812 1567 videmus,
835 1491 934 1549 curin
950 1492 1014 1555 aliis
1029 1490 1103 1551 locis
1121 1492 1219 1570 iisque

125 1570 233 1631 vicinis
251 1573 388 1632 futurum
402 1573 557 1633 indicativi
579 1576 791 1649 toleraverint,
811 1577 842 1633 in
865 1574 930 1633 aliis
950 1584 1061 1634 temere
1082 1585 1219 1636 mutave-

125 1654 196 1715 rint.
240 1655 340 1728 Quid?
363 1659 446 1736 quod
465 1660 592 1717 aoristus
612 1660 727 1737 primus
745 1659 858 1718 formae
876 1660 1013 1739 passivae
1025 1660 1141 1718 veniam
1160 1660 1219 1718 im-

50 1744 55 1749 '
124 1742 305 1817 patraverit,
328 1751 492 1802 ceterarum
513 1764 575 1800 non
593 1744 692 1800 iteml
715 1743 861 1802 Nimirum
880 1744 949 1821 quia
969 1743 1020 1802 ille
1039 1744 1219 1805 correctioni

124 1842 186 1881 non
199 1825 390 1903 improbabili
401 1847 525 1906 prorsus
538 1828 701 1886 resistebat
745 1829 818 1885 Rem
834 1846 908 1886 vero
921 1828 1123 1905 perversitatis
1144 1847 1219 1886 con-

123 1907 219 1967 vincit
237 1910 285 1984 id,
308 1909 390 1987 quod
408 1911 575 1970 soloecismi
596 1910 669 1969 adeo
688 1911 822 1970 oriantur
838 1921 866 1970 et
878 1921 1005 1970 metrum
1020 1911 1116 1970 obstet
1129 1931 1218 1990 prue-

126 2002 230 2070 cspto,
253 1993 336 2072 quod
355 1995 536 2054 recentiores
556 1995 651 2052 secuti
674 2004 753 2053 sunt.
798 1995 842 2052 Cs.
862 1994 1016 2053 Heindorf.
1033 1997 1070 2053 ad
1084 1995 1217 2061 Platonis

124 2076 307 2153 Protag.12.
352 2078 485 2151 Accedit,
508 2079 602 2156 quod,
624 2079 649 2136 si
664 2078 802 2137 subtilius
822 2079 1015 2152 attendamus,
1036 2100 1097 2137 non
1116 2079 1221 2137 eadem·

126 2160 175 2218 vis
189 2171 231 2219 est
245 2162 349 2221 aoristi
362 2173 391 2221 et
404 2164 506 2221 futuri.
548 2163 686 2221 doristus
706 2163 781 2222 enim
795 2182 858 2220 rein
878 2163 995 2220 iamiam
1011 2165 1169 2223 instantem
1187 2171 1218 2223 et

125 2255 328 2323 praesentem,
350 2246 486 2305 futurum
508 2266 571 2305 rem
590 2248 721 2304 futsuam
735 2246 855 2304 indicat.
876 2279 919 2291 -
941 2246 1024 2317 Quae
1038 2266 1218 2324 quamquam

125 2328 167 2387 ita
183 2331 257 2404 sint,
283 2342 381 2389 tamen
394 2352 454 2389 non
465 2341 576 2390 temero
589 2331 685 2389 ubivis
701 2333 829 2389 aoristus
845 2331 1026 2389 coniunctivi
1041 2331 1219 2390 tolerandus

126 2423 187 2486 est,
200 2414 261 2472 sed
276 2425 341 2473 tum
355 2416 488 2490 demum,
512 2434 604 2494 quum
620 2434 685 2473 cuni
701 2425 816 2472 constet
828 2415 859 2471 in
872 2434 928 2471 usu
940 2415 1038 2472 luisse.
1083 2414 1131 2491 Sic
1142 2434 1172 2473 v.
1188 2433 1214 2473 c.

126 2498 255 2556 aoristus
281 2497 443 2579 ἐπεισάμην
469 2521 487 2558 a
512 2495 616 2577 πάσχω
644 2519 703 2555 non
729 2500 787 2557 suit
810 2500 842 2555 in
862 2518 934 2571 usu,
965 2498 1019 2557 sod
1042 2497 1167 2561 ἔπαθον.
1182 2497 1222 2577 *)·

124 2583 297 2641 Necessario
309 2585 401 2660 igitur
413 2577 576 2660 πεισόμεθα
588 2592 653 2661 arat
666 2583 874 2653 scribendum,
900 2584 986 2640 etism
1004 2584 1028 2639 si
1041 2583 1215 2641 salsissimus

124 2667 165 2724 sit
178 2687 274 2724 canon
293 2669 436 2744 Dawesii3
460 2668 550 2744 idque
567 2667 652 2723 etiam
670 2667 734 2743 ipsa
750 2666 894 2723 soritentia
912 2666 1111 2725 confirmatur.
1153 2666 1215 2724 lam

123 2751 193 2809 loca
205 2751 412 2826 indicabimus,
433 2752 465 2808 in
478 2751 585 2828 quibus
596 2751 727 2825 Bckkcri
739 2750 933 2808 irrutationcrn
944 2749 1103 2807 reiicimus.
1120 2769 1149 2825 p.
1164 2751 1214 2814 45.

124 2834 144 2893 l
161 2841 212 2899 21.
229 2836 290 2893 sinc
305 2836 397 2895 dubio
412 2835 508 2913 proba
524 2843 567 2892 est
580 2833 671 2891 lectio
685 2835 820 2908 vulgata:
842 2832 892 2892 uod
907 2827 989 2903 ὅπως
1002 2827 1041 2908 μή
1059 2829 1218 2909 nordanae,

60 2920 63 2925 ’
124 2938 163 2977 ne
180 2920 304 2977 faciatis.
327 2940 358 2998 p.
380 2926 429 2985 18.
451 2921 471 2978 l.
494 2924 542 2982 11.
566 2939 588 2974 s.
610 2912 692 2988 ὅπως
714 2909 971 2994 μὴ-δόξωμεν,
993 2935 1031 2972 ne
1049 2914 1220 2975 videamus:

124 3024 155 3082 p-
171 3008 222 3068 29.
238 3005 259 3061 l·
276 3009 303 3067 1.
317 3025 339 3060 a·
356 3006 520 3084 προλαβεῖν
540 2994 615 3079 ἡμῖν
637 2997 715 3062 εἶναι
732 2996 787 3078 τὴν
804 2995 943 3077 πρώτην,
966 2992 1049 3070 ὅπως
1060 2995 1129 3069 τούς
1143 3019 1215 3077 oop-

124 3082 241 3167 μάχους
268 3082 416 3166 σώσωμεν·
446 3109 477 3167 Ρ·
493 3093 533 3151 ’9·
557 3085 578 3142 ¹·
603 3088 652 3159 17·
676 3076 962 3165 παρασκευάσασθαι
984 3078 1039 3160 τὴν
1066 3084 1217 3162 ταχίστην.
1325 3078 1329 3085 ’

124 3167 210 3244 ὅπως
234 3171 359 3236 ἐνθένδε
382 3165 566 3253 βοηθήσητε.
588 3189 618 3248 p
632 3169 715 3247 9921.
730 3171 778 3232 14.
793 3188 816 3225 ε.
836 3165 887 3228 καὶ
907 3163 1005 3241 ὅπως,
1029 3161 1126 3247 ὥσπερ
1141 3165 1213 3246 ipso·

122 3259 196 3319 scios
218 3251 403 3337 προθύμως,
425 3250 503 3319 οὕτω
523 3255 574 3318 noi
595 3260 694 3316 ποιεῖν
712 3248 886 3333 ἐθελήσωσι.
907 3271 939 3331 p·
955 3255 1005 3315 99.
1023 3250 1044 3310 l.
1058 3255 1108 3315 26.
1126 3272 1149 3310 s.
1162 3251 1213 3315 md

124 3392 332 3411 Μ

126 3487 243 3554 debere,
268 3504 322 3556 qua
344 3488 456 3540 ratione
478 3488 585 3540 Dorica
609 3487 743 3542 dialectus
765 3485 846 3554 plura
870 3483 1024 3553 praesentia
1049 3501 1066 3536 s
1081 3483 1214 3553 perfectis

124 3556 268 3608 derivarit·
306 3557 388 3625 Quod
407 3555 430 3608 si
455 3573 551 3609 verum
570 3566 628 3621 est,
653 3558 755 3624 (neque
772 3556 848 3606 enim
865 3571 926 3606 rem
944 3562 1083 3620 praestare
1101 3555 1215 3621 ausim,)

122 3617 181 3693 ἧκα
204 3625 314 3677 videtur
338 3625 539 3679 vetustissimae
562 3626 675 3693 linguae
702 3624 849 3692 proprium
879 3621 980 3687 fuisse,
1008 3638 1127 3690 cumque
1150 3628 1214 3701 post

124 3694 322 3759 obsolevisset,
346 3710 397 3762 per
422 3693 541 3746 labentis
566 3694 730 3745 Graecitatis
752 3692 903 3758 scriptores
918 3690 1055 3740 revixisse.
1091 3689 1214 3738 Insmrtr-

122 3778 193 3813 vum
209 3757 304 3830 ἡκὲναι
320 3762 412 3830 reperi
428 3762 459 3812 in
477 3762 586 3814 Galeno
602 3763 636 3813 Τ.
654 3762 689 3817 V.
708 3779 735 3829 p.
755 3776 797 3828 93.
816 3759 859 3810 ed.
878 3759 956 3826 Lips.
975 3772 1132 3808 senisenn-

191 3863 216 3932 t)
233 3864 312 3916 Plato
331 3864 466 3916 Alcibisd.
485 3865 523 3915 ΙΙ.
541 3863 579 3914 ιἠ.
599 3857 674 3923 ὅπως
690 3860 728 3929 μή
746 3858 814 3932 λήσῃ
830 3879 874 3920 τις
890 3887 932 3909 -.
957 3857 1031 3937 Vere
1047 3859 1212 3908 Buttmann.

122 3927 209 3999 λήσει.
234 3930 355 4001 „idmst
380 3933 475 4002 inquit
490 3931 710 3999 „coniunctivus
728 3940 798 3981 esset
815 3928 912 3980 aoristi
929 3942 1027 3990 primi,
1052 3925 1162 3993 qualem
1179 3923 1215 3975 de

122 4002 179 4055 boc
196 4004 281 4053 verbo
306 3994 363 4054 non
381 4002 539 4053 formarunt
555 4001 701 4068 antiqui.“
737 3998 892 4057 Barbarum
907 3993 1029 4073 triarioru
1054 4009 1151 4072 nuper·
1166 3991 1216 4045 de-

124 4087 205 4122 mum
222 4072 320 4137 Poppo
338 4070 444 4140 expulit
461 4087 476 4120 e
494 4067 685 4136 Xenophontis
701 4068 805 4135 Cyrop.
819 4068 842 4117 Ι.
859 4065 883 4115 6.
902 4082 924 4114 ι.
944 4079 993 4131 qui
1012 4061 1113 4112 vellem
1130 4060 1226 4141 simul*

125 4137 273 4190 delevisset
289 4131 324 4191 its
341 4137 490 4190 manifesto
515 4147 612 4189 natum
629 4155 644 4187 e
664 4135 763 4188 litteris
787 4132 929 4203 proximis.
965 4128 1120 4196 Xenophon
1139 4144 1214 4211 emm
1257 4146 1259 4151 ·

123 4222 179 4259 nec
209 4202 371 4259 dubitanter
401 4222 491 4277 neque
516 4204 711 4277 hypothetice,
743 4202 793 4256 sed
815 4208 847 4257 ut
871 4201 904 4252 de
925 4215 956 4252 re
981 4205 1057 4255 certa
1078 4198 1212 4267 torpatur.

123 4291 281 4331 scurras.
