2768 4724
414 231 472 295 ao
493 210 635 307 onan.
663 231 864 314 osrnru
895 233 940 295 11.
1088 197 1095 205 ’
1162 238 1227 305 σω

128 400 341 485 appendisse?
369 396 469 484 άσττερ
489 400 552 510 peip
566 404 679 480 οἰκίας.
706 399 809 485 οἶμαι,
823 402 1014 470 vestutatis.
1035 404 1073 469 ad
1087 403 1228 488 dimpa‘·

129 494 270 569 δείγματα
290 489 323 552 ἐκ
341 488 509 571 γεγονότων
530 494 590 570 ηδη
616 487 801 570 πραγμάτων
818 483 1226 570 λαμβάνετατῆπροσάπων.

128 575 310 635 Scholiastes
325 575 365 634 sd
378 573 518 652 Hermog.
533 596 565 655 p.
577 580 650 643 398.
665 573 720 652 [ad
731 574 833 633 locum
848 573 885 638 Η.
897 594 928 653 p·
943 579 1016 648 274,
1028 574 1093 653 22]
1108 573 1229 637 scheme

33 731 39 739 ,
110 659 187 739 xhoc
214 659 347 738 appellat
374 659 551 745 ἐπιχείρημα
574 653 642 727 άττόΔ
669 653 726 722 τοῦ
752 651 873 737 ὁμοίου.
920 659 1006 718 Conl.
1033 658 1132 720 Schol.
1154 660 1228 733 Pin-¹

129 743 195 802 dari
215 765 246 823 p.
268 744 298 807 5.
320 743 351 802 b.
374 743 421 802 sd.
442 744 540 804 Oxon.
564 763 661 803 amsa.
705 742 784 802 ctist
806 742 895 802 etiam
913 744 1010 803 Rufus
1032 764 1063 822 p.
1087 750 1139 810 87.
1156 754 1229 824 post
1336 796 1341 807 .

130 831 250 901 δικαίας
268 828 405 913 omittens
426 824 505 891 alvos
522 824 678 911 προσήκει.
723 827 802 887 add.
825 827 947 906 Taylor.
962 826 994 886 i'n
1009 828 1124 888 Reiskii
1141 850 1230 910 prae·

75 958 78 963 .
128 912 242 979 satnd
255 912 538 992 Annotatt.p.117.
559 933 719 973 scuaarnn.
959 920 964 929 ’

173 998 227 1058 Ῥ.
248 1000 300 1062 21.
322 1016 353 1056 v.
375 998 405 1063 5·
427 990 528 1083 alpos]
555 998 704 1076 Taylorus
726 997 747 1056 l.
768 1016 810 1056 e:
830 992 892 1080 jhs
912 992 1054 1073 insanam.
1077 997 1161 1079 qnod
1179 997 1231 1061 hic

130 1081 254 1161 quidem
266 1083 417 1150 nonmale
433 1081 570 1162 quadrat„
605 1082 665 1142 Sed
677 1089 811 1162 praestat
822 1078 935 1141 Reiskfl
951 1080 982 1155 in
997 1082 1062 1143 Iud.
1077 1084 1129 1144 Gr.
1142 1084 1232 1165 ratio,

132 1178 166 1229 ut
181 1166 319 1225 omnibus
337 1167 412 1226 locis
427 1176 505 1246 apta.
528 1186 686 1226 saansaan.

197 1252 230 1311 l’.
253 1256 304 1315 21.
325 1270 355 1309 v.
378 1253 407 1317 5·
430 1251 481 1314 adl
494 1251 620 1332 πλοίου]
643 1251 760 1311 Abeunt
775 1250 811 1310 ab
827 1248 873 1311 ed.
889 1250 921 1309 P.
936 1246 1073 1315 Manutii.
1091 1274 1188 1316 narn.

121 1340 127 1347 ’
198 1328 303 1402 Mis
325 1354 364 1394 v.
379 1338 409 1402 5·
431 1332 583 1415 κάτωθεν]
605 1334 935 1396 veteresGsammatici
946 1337 1233 1416 vituperabuntlle-
1283 1366 1286 1371 ·
1367 1382 1375 1397 .

130 1419 334 1494 mosthenem,
359 1421 443 1499 quod
465 1416 606 1483 κάτωθεν
635 1420 760 1494 dixerit,
784 1439 845 1478 ason
867 1414 959 1483 adan.
992 1422 1137 1500 Ulpianus
1163 1442 1233 1495 enm
1331 1470 1337 1480 .

132 1504 284 1582 defendit,
308 1505 397 1584 quod·
416 1525 454 1565 ex
470 1505 612 1567 inferiore
626 1513 713 1585 parte
727 1505 760 1565 in
771 1502 956 1582 superiorem
970 1505 1153 1571 aedificetur.
1196 1508 1234 1569 ld

133 1588 256 1667 quidem
279 1585 421 1653 κάτωθεν
445 1590 611 1667 significare
631 1598 752 1669 potest,
779 1608 818 1649 ex
837 1588 898 1646 imo
926 1589 1026 1648 omnia
1052 1594 1149 1652 solida
1167 1612 1234 1653 esse
1353 1624 1354 1629 ¹

132 1701 299 1774 oportere.
326 1678 386 1751 Sed
410 1710 503 1770 quum
523 1691 582 1751 alia
603 1692 736 1751 derivata
748 1691 792 1777 ‘ip
812 1672 888 1766 θἐἷ,
905 1699 974 1769 tum
987 1690 1124 1772 inprimis
1138 1687 1234 1757 κάτω·

131 1783 207 1854 θεν,
229 1796 290 1835 non
303 1785 417 1835 motum
433 1777 570 1852 cnloco,
588 1776 641 1834 s'ed
663 1796 727 1837 esse
747 1776 778 1834 in
800 1774 869 1835 loco
888 1775 1041 1852 signifieat.
1064 1777 1235 1839 ercome-
1299 1802 1304 1813 ·

133 1862 189 1921 ier.
203 1860 387 1921 Melet'Crit.
407 1866 502 1938 1³:78.
525 1880 628 1920 nuans.
672 1862 712 1918 Ut
728 1859 885 1941 Ulpianus,
907 1861 951 1919 sio
973 1858 1155 1923 Scholiastes
1173 1863 1235 1921 Ba-

133 1945 254 2005 varicus
282 1944 373 2005 adh.
396 1945 416 2003 l.
438 1965 469 2022 p.
490 1944 562 2010 476.
593 1944 752 2004 Oratorem
779 1946 924 2005 defendit.
967 1945 1082 2021 Recte,
1112 1945 1233 2026 opinor:
1259 1952 1262 1957 ’

134 2040 173 2088 ut
193 2031 283 2089 mirer
298 2039 328 2088 et
343 2028 496 2089 Ileiskium
508 2029 540 2086 in
557 2028 620 2088 lnd.
640 2031 694 2090 Gr.
715 2037 745 2088 et
764 2030 915 2093 Bremium
940 2040 972 2089 et
991 2031 1175 2090 Lobeckium
1193 2031 1246 2091 ad·

135 2112 300 2191 Pluynicln
319 2135 351 2193 p.
374 2119 446 2180 128.
471 2112 684 2175 adverbiorum
711 2114 879 2191 enallagen,
904 2134 969 2174 rem
994 2115 1086 2191 vulgo
1112 2115 1235 2193 quidem

135 2200 284 2274 iactatam,
303 2197 357 2267 sed
368 2197 559 2257 vehementer
574 2196 703 2268 dubiam,
726 2218 765 2256 ne
783 2197 880 2271 dicam
890 2217 1015 2279 prorsus
1029 2198 1236 2274 abiiciendam,
1347 2206 1350 2213 '

21 2320 30 2329 ·
136 2283 216 2342 tueri
243 2283 390 2342 maluisse.
435 2283 485 2341 Sic
512 2302 581 2343 nos:
611 2279 658 2341 die
680 2279 781 2340 meite
805 2304 864 2344 oon
892 2295 989 2340 anien.
1024 2282 1114 2355 Quod
1134 2293 1236 2343 antem
1280 2344 1283 2349 ,

133 2368 235 2428 Melet.
251 2368 322 2428 erit.
341 2368 362 2426 L
383 2388 408 2426 c.
430 2366 552 2447 scripsi,
573 2361 699 2442 ,,ττάθεν
712 2365 788 2425 esti.
806 2388 835 2444 q.
852 2366 952 2442 ποῦ,“
978 2362 1005 2423 si
1026 2367 1237 2445 etymologiam

134 2462 273 2543 spectes,
293 2472 397 2511 verum
417 2461 481 2528 est,
506 2448 605 2532 (ambo
630 2451 708 2510 enim
729 2451 851 2527 genitivi
869 2426 977 2531 σαντ’)
1005 2450 1132 2512 obsoleti
1153 2446 1238 2531 πός.)

134 2560 198 2596 non
213 2537 299 2613 item,
321 2539 347 2596 si
361 2557 450 2594 nsum
464 2537 675 2614 syntecticum:
697 2536 862 2614 numptius
878 2536 1007 2613 ubique,
1030 2547 1064 2594 ut
1077 2547 1167 2616 puto,
1186 2539 1237 2595 in-

136 2623 219 2681 dicat
239 2617 294 2700 τὴν
314 2622 346 2685 ἐκ
364 2618 460 2684 τόπον
481 2620 595 2700 σχέσιν,
616 2623 768 2700 posterius
781 2615 836 2699 τήν
852 2619 885 2682 ἐν
899 2616 998 2701 τόπῳ,
1021 2622 1238 2699 quippelntis-

136 2708 211 2766 sisne
230 2715 314 2785 patet
335 2727 408 2764 usus
431 2706 568 2780 genitivi,
591 2725 679 2782 quem
696 2706 825 2763 multum
840 2705 924 2762 abest
942 2712 977 2760 ut
1000 2705 1071 2761 satis
1087 2705 1238 2782 cognitum

137 2792 311 2850 habeamus.
354 2791 388 2847 ln
400 2787 491 2849 lihesi
505 2789 625 2869 quidem
639 2790 717 2861 loco,
738 2789 776 2847 de
792 2807 851 2864 quo
866 2789 928 2845 illic
945 2786 999 2861 egi,
1025 2787 1099 2865 quid
1112 2789 1239 2867 impedit

77 2910 83 2918 ·
134 2873 237 2939 πόθεν
254 2874 446 2953 interpretari
462 2895 480 2930 a
493 2894 551 2954 qua
565 2886 666 2952 porte,
689 2893 746 2930 von
759 2866 881 2933 welcher
897 2868 998 2929 Seite?
1019 2890 1179 2930 scuarran.
1231 2934 1237 2950 ¹

156 2966 160 2973 '
202 2960 235 3018 P.
257 2964 308 3023 21.
330 2979 360 3016 v.
384 2963 413 3022 6.
436 2951 629 3037 ἰσχυρότατα]
652 2949 830 3037 ἰσχυρότερα
843 2954 993 3028 Parisinus
1011 2955 1140 3032 primus,
1162 2956 1237 3035 Aug.

138 3045 230 3124 primi
244 3045 389 3123 supplem.
403 3041 674 3117 hlecrmannianus,
691 3038 844 3119 appendix
859 3038 1109 3115 Francolurtnnn‚
1129 3039 1240 3101 Aldina

138 3130 272 3206 'l'aylori
315 3129 349 3185 ln
368 3126 512 3185 Bavarico
534 3124 613 3184 idem
634 3124 871 3204 superscriptum
899 3133 952 3182 est.
995 3125 1054 3182 Sed
1075 3145 1132 3204 pro
1157 3126 1240 3184 nulla

138 3214 279 3273 habenda
296 3221 341 3271 est
352 3211 427 3271 haec
439 3211 568 3271 varietas
578 3254 587 3286 ‚
609 3220 680 3269 nata
699 3229 739 3268 ex
760 3228 862 3267 errore
883 3208 1076 3268 librariorum
1095 3211 1240 3269 termina-

139 3299 252 3359 tionem
275 3296 469 3374 comparativi
488 3304 518 3355 ct
537 3296 712 3374 superlativi
730 3292 836 3352 eodem
857 3292 1035 3371 compendio
1049 3293 1091 3377 st)
1113 3315 1239 3355 exarara-

137 3384 226 3442 tium.
250 3378 431 3461 ἰσχνρώτατα
447 3382 515 3459 (per
528 3379 564 3460 ai)
581 3379 633 3436 dat
646 3379 721 3454 Assg.
735 3378 895 3436 secundus.
908 3396 1005 3435 uersu.

207 3469 239 3526 P.
262 3472 313 3531 21.
336 3485 365 3525 v.
388 3469 417 3529 6.
440 3460 534 3536 οὕτω]
566 3459 664 3535 οὕτως
687 3464 898 3532 Wcimuranus.
942 3461 1117 3540 Saepissime
1142 3457 1241 3538 οὕτως

143 3561 211 3610 ante
234 3560 445 3610 consonantem
465 3549 611 3626 scripturn
628 3547 746 3620 inveni,
767 3555 802 3603 ut
819 3556 920 3604 certus
940 3547 1013 3621 sim,
1041 3566 1150 3606 vanum
1176 3569 1241 3607 esse

140 3645 334 3719 praeceptum
362 3634 644 3711 grammaticorum,
680 3627 758 3695 οὕτω
785 3639 853 3698 ante
881 3640 1114 3705 consonantem,
1146 3626 1241 3702 οὕτως

143 3730 213 3779 ante
230 3721 366 3798 vocalem
388 3719 591 3794 insequentem
612 3736 676 3775 esse
698 3713 890 3775 exarandum.
921 3709 1000 3777 οὕτω
1019 3720 1080 3777 τῶν
1100 3709 1241 3792 πράξεων

144 3806 224 3882 (sine
237 3801 302 3889 nol)
316 3804 369 3862 dat
380 3801 490 3863 Harlei.
510 3820 607 3861 uersa.
630 3799 666 3858 V.
683 3809 746 3860 not.
762 3800 842 3879 adp.
859 3804 909 3876 13,
923 3804 974 3865 21.
998 3817 1156 3858 scuasran.
1237 3807 1240 3812 “

152 3929 354 3946 m

214 4021 236 4087 ⁶)
256 4021 359 4075 Omnia
377 4019 407 4070 in
424 4005 478 4076 θῖν
497 4016 642 4084 exeuntis,
661 4033 732 4087 qnae
749 4034 766 4068 a
782 4015 914 4067 thematis
928 4013 1143 4067 declinabilibns
1158 4014 1244 4069 dueta

144 4092 231 4160 strigo
257 4106 307 4171 pro
331 4090 471 4143 adverbiis
498 4087 649 4150 habentur,
675 4093 741 4137 saint
758 4083 875 4156 genitivi
897 4084 1070 4154 thematum,
1095 4084 1157 4137 fere
1180 4100 1245 4136 ora·

144 4160 218 4213 ueni
237 4174 332 4226 epicos
348 4159 473 4228 proprii,
500 4156 532 4207 in
556 4158 617 4224 qna'
635 4153 782 4224 rhythmos
806 4153 917 4221 tgregie
940 4152 1081 4205 adiissent.
1117 4151 1244 4223 Quodsi
1328 4150 1330 4155 ’

146 4231 210 4301 quis
228 4227 357 4293 dubitet,
375 4226 536 4282 meminerit
552 4224 742 4293 genitivorum
758 4221 867 4290 ἐμέθεν,
883 4220 974 4290 σέθεν,
992 4218 1068 4280 trev.
1086 4239 1244 4275 scauros.

108 4354 111 4359 ·
218 4306 338 4383 “illan
356 4309 535 4395 epdem„sed
550 4311 706 4365 simillimo.
728 4307 1244 4387 V.suprssdp.5,15.emma.
1337 4314 1349 4331 ⁸
