2768 4724
395 186 495 309 sno
522 233 987 315 cancer-nunnus
1200 255 1243 317 er
1271 202 1287 283 s
1357 234 1360 244 '

141 375 297 475 bonrinnnr
319 408 425 473 oculos
455 417 641 497 eirenen„
653 399 885 477 remuneratio
905 413 963 475 viri
991 424 1022 477 et
1044 419 1242 497 'omnisvero

143 510 259 571 indicio
287 510 490 592 pondcantes
509 512 588 574 illud
610 532 674 574 non
689 502 1005 585 in'minimisvem'·
1021 520 1163 585 leudibus
1182 543 1243 604 por
1358 600 1362 605 Ι

142 621 240 688 nont,
269 614 364 692 quod,
385 625 423 682 ut
448 615 520 677 elim
538 613 690 691 Adienos,
718 614 918 706 Alexandria,
947 616 1073 705 Tarsus,
1099 608 1241 705 Berytus,

142 722 177 773 et
192 712 297 774 nostre
326 725 425 779 estete
444 717 596 792 Bononio,
616 717 752 792 Lutetir,
774 718 951 795 Argentina,
974 723 1143 801 complures
1166 725 1244 787 aliae
1293 760 1296 764 -

138 815 278 875 illustres
298 817 446 894 civitates,
467 817 561 879 Musis
583 819 686 892 enan
700 829 731 887 et
752 819 871 896 Gratiis,
893 817 954 880 boo
974 830 1028 897 est,
1050 824 1189 889 studiosis
1210 836 1241 901 et

138 916 241 977 doctis
262 915 436 981 bominibus
455 920 489 980 in
512 929 632 995 uestro,
657 914 730 983 vere
742 921 976 999 nugentaurbo,
993 942 1056 984 non
1076 921 1240 1005 herpinum

136 1015 250 1094 modo,
279 1019 336 1083 ssd
357 1020 540 1083 domicitimn
561 1024 649 1087 etiarn
674 1030 738 1085 tesso
762 1022 910 1085 voluistis.
958 1024 1024 1085 Etsi
1053 1033 1154 1087 nuum
1180 1047 1241 1103 nou

135 1122 264 1199 ignoro,
292 1122 439 1200 conqueri
462 1123 591 1197 inultos,
620 1141 722 1202 neque
738 1122 876 1183 fortassis
904 1125 1017 1204 absque
1043 1144 1149 1201 eausa,
1165 1135 1241 1207 ⁸trun

137 1223 181 1283 ds
196 1223 333 1285 moribus
347 1216 507 1285 doctorum
527 1225 714 1303 quorundam
726 1224 824 1293 minus
838 1227 988 1306 probatis,
1009 1235 1085 1303 trun,
1105 1228 1248 1299 scribom

139 1323 420 1394 dorumlibrornnr
439 1327 555 1387 nullum
574 1346 637 1386 esse
656 1327 761 1402 linem,
783 1348 912 1406 quorum
932 1323 1069 1408 pleriqire
1089 1327 1166 1389 nihil
1181 1331 1261 1413 nisi¹
1323 1380 1328 1388 .
1356 1342 1359 1347 ⁴

136 1436 196 1487 aut
213 1427 332 1505 ingenia
352 1429 520 1507 occupanti,
546 1428 639 1489 robus
663 1428 836 1489 melioribus
859 1420 1019 1506 reeutura',
1040 1439 1094 1489 aut
1106 1432 1242 1515 llernpu-

137 1529 253 1590 blicam
271 1529 487 1605 Christianam,
512 1530 626 1609 alioqui
643 1549 750 1589 rerum
771 1548 894 1590 suarum
915 1539 1114 1608 satagentem,
1146 1534 1240 1612 inagis

136 1630 231 1691 ctiam
251 1631 444 1711 perturbent:
464 1630 539 1691 mibi
557 1640 658 1691 tamen
671 1631 729 1692 'de‘
740 1653 788 1703 me
809 1631 909 1691 (beers
928 1621 1027 1710 neque
1044 1651 1164 1693 necesse
1184 1644 1238 1709 est,

136 1750 240 1810 neque
260 1731 414 1806 decorum,
434 1732 614 1814 vigesimum
628 1731 686 1790 ism
702 1752 810 1792 annum
827 1732 860 1790 in
883 1729 942 1791 bec
956 1731 1033 1793 urbe
1053 1731 1117 1793 sine
1132 1732 1259 1793 cuius-²
1306 1771 1308 1774 >

138 1852 251 1912 qnam,
279 1843 314 1893 ut
344 1834 468 1912 opinor,
497 1834 570 1894 boni
591 1832 651 1893 viri
671 1833 733 1892 ulla
753 1833 874 1911 querele
894 1832 1027 1911 degenti:
1055 1842 1085 1894 et
1106 1854 1241 1909 mearum
1332 1825 1340 1834 ’

138 1933 343 2013 ιπὶρῑίοηιιω
362 1932 510 1994 hactenus
531 1936 620 2011 longe
640 1935 729 1995 aliam
748 1935 840 1994 luisse
854 1935 1012 2011 rationem,
1034 1935 1170 2013 omnibus
1183 1936 1241 1995 do-

137 2037 200 2095 ctis
228 2034 417 2114 candideque
443 2036 646 2097 iudicantibus
672 2043 868 2116 perspectum
892 2047 922 2095 ot
949 2038 1140 2115 exploratum
1175 2057 1240 2099 esse

141 2134 275 2196 conlido.
322 2136 427 2216 Neque
451 2140 530 2199 enim
556 2158 623 2198 noea
641 2135 756 2197 somnia
778 2134 892 2195 chartis
912 2135 1013 2215 illesi:
1039 2156 1137 2216 neque
1156 2138 1241 2219 rixe-

90 2238 93 2242 ’
137 2256 213 2299 rum
235 2246 289 2298 ant
308 2238 465 2299 orbarum
488 2240 651 2321 quicquam
674 2237 760 2299 dedi:
793 2223 891 2316 neque
907 2236 1071 2297 bisanabils
1090 2238 1241 2315 scribendi

138 2336 301 2399 cacoethes
326 2339 425 2417 (quod
445 2348 547 2401 tenere
565 2342 686 2416 multos,
707 2340 741 2398 in
758 2358 923 2417 eorumque
936 2358 1026 2416 aegro
1041 2337 1133 2399 eorde
1148 2359 1248 2401 sene-.

135 2459 238 2516 scere,
259 2441 415 2519 Satyrione
430 2439 580 2523 queritur)
599 2442 713 2521 impetu
733 2441 863 2519 quodam
877 2440 967 2501 animi
977 2439 1135 2500 temerario
1149 2450 1240 2520 stqqe

140 2562 239 2601 coeco
257 2551 379 2601 secutus
400 2560 483 2600 sum:
505 2541 608 2603 sedin
634 2542 846 2602 convertendis
868 2551 899 2601 et
912 2541 1100 2601 declarandis
1114 2544 1240 2605 vetustis

141 2642 312 2716 amoribus,
334 2642 506 2701 seculorum
524 2645 655 2703 omniurn
668 2652 697 2702 et
715 2644 1041 2726 nationumeonsensu
1057 2644 1240 2724 approbatis,

138 2744 259 2817 sedulo,
281 2763 339 2802 nec
361 2743 426 2804 sine
444 2763 588 2805 successu
603 2743 756 2818 mediocri,
779 2743 894 2823 (quem,
914 2744 961 2804 uti
973 2765 1028 2822 par
1044 2754 1099 2818 est,
1121 2738 1240 2805 divinae

137 2845 319 2922 benignitati
349 2855 506 2924 occeptum
533 2847 646 2918 refero)
676 2844 836 2902 elaboravi.
879 2844 916 2903 ld
935 2844 1021 2922 quod
1041 2842 1132 2901 toties
1152 2827 1242 2925 repa-

138 2948 220 3008 titae
247 2949 280 3006 in
301 2947 465 3023 Germania,
490 2946 600 3023 Gallia,
618 2945 705 3007 Italia
721 2941 967 3004 lucubrationum
985 2958 1119 3031 mearum
1135 2942 1243 3020 editio-

139 3069 197 3111 nes
218 3049 323 3108 testari
343 3059 497 3127 poterunt.
546 3049 658 3109 Modus
683 3046 821 3107 fortassis
847 3067 867 3104 ι
883 3064 931 3104 me
958 3041 1123 3103 desiderari
1141 3053 1241 3124 quest,

141 3159 175 3210 et
194 3149 344 3226 ignoratio
372 3150 498 3211 tollendi
518 3171 640 3211 manum
664 3149 703 3210 de
730 3148 849 3223 tabula,
880 3155 912 3207 et
938 3157 1160 3226 supervacanea
1183 3147 1241 3210 mei
1363 3144 1368 3153 ’

127 3250 238 3329 ,ipsius
256 3251 414 3311 nocturnis
433 3251 610 3330 diurnisque
625 3249 778 3315 laboribus
793 3249 946 3309 afflictatio
962 3245 1150 3327 reprebendi,
1173 3270 1243 3309 cum

140 3360 176 3410 et
192 3360 275 3410 setas
297 3360 329 3411 et
349 3353 492 3413 valetudo
517 3374 584 3415 mea
605 3352 733 3431 quictem
756 3352 859 3432 potius
878 3359 968 3428 atque
989 3351 1082 3408 otium
1098 3351 1242 3428 postule·-

140 3460 223 3512 rent.
265 3452 386 3511 Utinam
407 3472 482 3515 vero
502 3474 564 3516 non
590 3454 712 3534 quidem
729 3475 763 3512 ea
781 3471 876 3513 essem
896 3451 995 3510 ferrea
1015 3458 1045 3509 et
1061 3452 1243 3530 corporis'st

143 3550 238 3612 animi
259 3552 420 3632 patientia,
455 3574 533 3633 quse
556 3555 661 3617 Catoni
683 3554 824 3617 Censorio
846 3551 1012 3625 tribuitur,
1040 3550 1243 3632 rarissimique

144 3655 277 3733 exempli
295 3663 359 3730 est,
380 3656 436 3716 sed
452 3657 506 3716 illa
525 3665 641 3717 tantum
660 3657 711 3717 vel
732 3653 823 3717 enimi
842 3653 1010 3717 constantia
1022 3663 1053 3715 et
1073 3655 1241 3729 tolerantia,

143 3756 197 3816 vel
214 3755 440 3834 vigorementis
461 3766 551 3837 atque
568 3757 679 3836 ingenii
689 3759 729 3832 vi,
752 3779 810 3839 qua
822 3756 960 3837 plerique
977 3755 1093 3815 olimst
1110 3756 1243 3814 Graeco-

140 3877 215 3921 rum
235 3868 268 3919 et
290 3861 494 3921 Rornanorum
516 3878 659 3939 proceres
679 3860 852 3919 claruerunt
858 3881 868 3936 3
891 3856 954 3937 qui,
976 3876 1054 3937 quae
1071 3853 1243 3915 bominibus

142 3956 289 4019 studiosis
309 3968 401 4040 atque
425 3961 524 4021 doctis
543 3969 647 4021 nostra
667 3968 763 4021 aetate
785 3959 883 4036 gravis
898 3968 929 4018 et
953 3958 1103 4019 laboriosa
1119 3946 1243 4019 videtur

143 4063 324 4140 occupatio,
363 4064 427 4125 sive
457 4063 605 4124 curandae
625 4062 670 4121 nei
691 4061 859 4135 familiaris,
887 4061 958 4123 ,sive
987 4057 1126 4119 lectionis
1152 4067 1242 4137 atque
1297 4114 1300 4119 .

92 4242 99 4253 1
143 4164 334 4242 scriptionis,
362 4187 427 4227 earn
453 4166 498 4226 illi
522 4165 689 4225 sidenorum
704 4163 884 4223 levationem
902 4170 992 4239 etque
1013 4159 1242 4220 oblectationem

143 4267 331 4329 iudicarunt.
376 4265 466 4341 Quod
484 4265 528 4326 ita
550 4284 626 4342 esse,
645 4262 863 4343 Xenophontis,
885 4259 1083 4410 lbuchizdis,
1103 4259 1242 4340 Lycurgi,

619 4509 621 4513 '
671 4526 674 4532 ,
684 4514 758 4528 vua-u·
