2768 4724
254 185 304 290 s
373 156 906 311 soneuosruenen.
1017 246 1023 255 .
1153 224 1202 288 ss·

103 386 188 449 tutes
217 384 360 446 oratorias
387 383 500 446 habent
522 367 635 467 aliquid
657 389 772 469 proprii
792 387 900 450 nitoris
919 409 956 449 ac
987 388 1193 468 iucunditatis,
1281 422 1285 431 ›

105 488 269 569 que-velut
288 490 369 575 esce,
379 540 381 545 .
390 487 528 549 dulcibus
540 490 643 568 magis,
665 509 756 568 quam
768 491 946 568 salubribus,
968 492 1100 571 gaudeus
1114 502 1195 553 aetas

92 588 314 649 'allicianei'sd
331 590 501 651 stridiosurn
518 610 658 662 amorem.
689 591 807 671 ltaque
821 593 955 672 quisquis
968 593 1077 653 latinos
1087 603 1195 674 poetes
1236 595 1239 601 '

103 691 256 769 intelligit,
274 691 701 770 iectimintelligetoratores.
732 692 823 773 Apud
839 695 970 754 Greecos
982 694 1102 755 diverse
1114 696 1200 754 ratio‘

102 803 160 852 est.
203 793 333 879 Tantum
355 793 433 852 euim
448 793 626 854 discriminis
645 803 690 853 est
708 794 788 854 inter
807 803 967 873 poetarum
989 803 1018 854 et
1039 806 1196 856 oratorum

103 894 276 968 deuncem
296 903 333 954 ut
353 893 457 955 credas
478 896 547 954 illos
566 895 684 954 diverm
702 895 802 972 lingua
818 893 914 974 loqui.
956 894 1061 973 quue
1077 896 1128 973 fit,
1150 906 1194 973 ut,

104 996 160 1075 qui
171 1016 190 1055 a
206 996 306 1075 poetis
326 997 462 1056 fecerunt
476 992 676 1056 >instintione
697 995 907 1073 rudimentum,
930 1017 1024 1076 quum
1037 1000 1078 1059 ad
1093 1012 1195 1062 orato-

102 1101 174 1157 rum
187 1098 349 1158 lectionem
369 1117 434 1156 sese
455 1098 647 1172 contulerint,
669 1097 795 1159 subinde
816 1099 903 1159 velut
915 1102 946 1159 in
957 1104 1116 1180 peregrino
1132 1125 1197 1165 ser-

101 1217 193 1257 mone
214 1199 360 1273 iestitent,
383 1206 413 1256 et
434 1197 508 1256 licet
530 1199 759 1278 quid'quseque
778 1218 841 1259 vox
860 1200 1007 1278 declsret,
1028 1223 1089 1264 uon
1108 1205 1197 1283 igno-

101 1309 181 1375 rent,
202 1309 303 1359 nmen
328 1317 450 1358 sensum
468 1317 529 1356 non
549 1300 728 1380 percipimt.
769 1300 806 1360 ln
826 1320 914 1360 causa
937 1311 983 1361 est
1001 1303 1194 1383 schematum,
1268 1338 1272 1345 ·

66 1396 68 1400 ’
101 1409 264 1480 troporum
289 1410 320 1461 et
342 1401 516 1460 idiomatum
530 1401 763 1486 proprietas-in
784 1401 892 1477 quibus
915 1401 999 1462 haud
1013 1405 1056 1464 ita
1066 1408 1196 1468 multum

87 1559 90 1563 .
107 1501 298 1581 opitulantem
317 1502 435 1561 Larice.
484 1500 549 1559 Hac
570 1501 688 1578 quidem
709 1501 742 1559 in
761 1511 848 1579 perte
867 1504 1051 1580 praeclaram
1074 1526 1197 1587 operam

102 1609 168 1674 τοῖς
189 1596 403 1684 φιλογλόποις
415 1601 538 1660 navavit
553 1600 738 1663 Guilhelruus
750 1601 899 1662 Budaeus.
943 1603 1054 1665 Verum
1067 1618 1102 1667 ut
1118 1629 1195 1687 pue-

104 1702 211 1762 rilibus
232 1703 359 1780 ingeniis
384 1704 535 1763 Romanae
557 1702 688 1780 Linguae
711 1724 773 1763 non
791 1706 889 1762 stetim
919 1707 1129 1768 accommodus
1152 1721 1197 1771 est

60 1882 64 1887 .
103 1805 145 1865 ll.
171 1807 297 1880 Tullius,
325 1805 386 1883 qui,
413 1803 506 1864 tabia
526 1801 635 1876 iudice,
663 1804 739 1862 nulli
759 1804 848 1863 valde
862 1804 972 1882 plecet,
993 1808 1053 1868 nisi
1069 1811 1123 1888 qui
1135 1812 1196 1883 iarn

97 1908 221 1985 egregie
238 1906 414 1986 profecerit:
435 1907 479 1964 ita
501 1906 683 1965 Graecarum
701 1904 856 1964 literarum
876 1906 1015 1982 peritiam
1038 1912 1196 1972 ambienti·
1268 1920 1272 1925 '

102 2010 161 2068 bus
185 2030 248 2068 nou
268 2009 400 2068 arbitror
417 2008 577 2067 admodum
600 2007 760 2067 convenire
783 2000 1020 2086 Demosthenem,
1050 2014 1101 2090 qui
1123 2014 1195 2092 plus

105 2113 178 2169 artis
195 2109 287 2168 habet
305 2111 339 2169 in
357 2129 494 2184 recessu,
524 2112 727 2188 quamprimo
754 2107 853 2166 fronte
874 2128 948 2186 pree
963 2130 995 2168 se
1010 2111 1095 2171 ieret.
1136 2113 1196 2173 Hie

107 2211 193 2286 enim,
222 2209 305 2290 quod
328 2208 495 2269 honorifico
516 2213 585 2268 ioco
609 2207 688 2267 dixit
706 2208 858 2283 Demades,
880 2209 1003 2287 scripsit
1017 2213 1055 2277 cd
1077 2234 1194 2291 uquam,
1242 2225 1255 2243 “

50 2366 54 2373 .
104 2335 161 2374 nec
183 2312 242 2372 nisi
260 2334 279 2370 s
295 2310 404 2388 sobriis
419 2331 456 2370 ao
471 2309 662 2388 vigilantibus
681 2318 782 2388 potest
794 2310 928 2388 intelligi.
970 2313 1100 2373 Proinde
1114 2314 1197 2392 quod
1288 2303 1289 2307 ¹

104 2415 199 2475 dell.
216 2415 316 2478 Tullio
330 2413 450 2491 scripsit
464 2411 583 2484 Fabius,
606 2410 672 2489 pari
694 2410 760 2470 iure
783 2411 828 2470 de.
838 2410 1036 2474 Demosthene
1057 2415 1117 2475 dici
1139 2437 1197 2495 po-

105 2523 177 2574 test:
198 2515 225 2573 is
239 2536 270 2575 se
284 2514 361 2574 sciet
373 2515 405 2573 in
418 2525 481 2574 arte
494 2511 613 2571 dicendi
625 2513 799 2590 profecisse,
822 2513 871 2571 cui
882 2502 1093 2577 Demosthenes
1106 2517 1196 2577 valde
1248 2505 1250 2508 Α

104 2614 225 2694 placere
241 2617 383 2694 coeperit.
427 2614 685 2689 Quemadmodum
701 2615 800 2674 tabula
816 2636 921 2694 magno
936 2619 1062 2677 artificio
1076 2618 1196 2697 depicta

105 2735 194 2775 nemo
207 2736 386 2796 magnopere
403 2698 570 2784 delectetur
591 2721 662 2776 artis
683 2717 848 2795 imperitus,
870 2719 912 2777 ita
925 2716 1131 2779 Demosthenis
1148 2717 1196 2776 di-

104 2817 210 2875 vinum
229 2817 318 2892 illud,
341 2826 372 2877 et
392 2817 476 2895 quod
496 2818 700 2876 facundissimi
721 2818 832 2895 quique
852 2840 967 2897 semper
986 2821 1017 2877 in
1041 2840 1075 2876 eo
1096 2817 1197 2874 mirati

108 2925 194 2990 sunt,
213 2913 246 2977 τὸ
260 2916 374 2993 deseris,
396 2938 458 2975 non
473 2919 615 2991 sentitur,
636 2917 695 2974 nisi
710 2926 741 2974 et
760 2916 918 2974 rhetoricis
936 2916 1198 2995 praeceptionibus

91 3017 289 3092 exerentis,
305 3028 343 3078 ‘et
361 3017 556 3078 historiarum
575 3017 744 3096 cognitione
764 3017 936 3077 instructis,
970 3016 1197 3095 ltaquepatisr,

106 3129 146 3188 ut
155 3138 233 3198 puer
246 3119 365 3197 quidem
385 3120 522 3197 degustet
536 3119 776 3193 Demosthenem,
789 3119 843 3179 sed
857 3119 897 3178 ad
908 3139 978 3178 eum
991 3117 1068 3176 serio
1083 3115 1196 3194 redeat,

106 3220 168 3277 iam
179 3219 278 3278 factus
294 3220 448 3295 sedatior,
471 3241 530 3299 quo
544 3221 708 3300 perspiciat
732 3221 812 3281 illum
826 3241 898 3301 repe
914 3221 1034 3281 atticam
1046 3238 1197 3296 venerem,

106 3319 185 3378 illud
197 3321 526 3397 excussumiudicium,
548 3321 598 3381 illu
618 3317 732 3381 sumine
750 3321 877 3381 artificio
891 3330 1028 3380 contorta
1041 3321 1199 3399 enthyme-

108 3431 199 3497 mata,
213 3433 365 3502 postremo
380 3423 443 3482 vim
458 3422 538 3480 illam
551 3424 688 3482 omnibus
703 3423 916 3496 admirabilem,
934 3423 986 3481 vix
997 3422 1053 3480 ulli
1067 3422 1198 3482 imitabi-
1322 3478 1330 3489 ‚

107 3523 177 3582 lem.
219 3525 345 3601 Elegsns
355 3522 574 3582 iuterimfuerit
598 3525 781 3599 exercitatio,
805 3524 888 3603 quod
908 3545 927 3581 s
947 3522 1098 3581 veteribus
1118 3545 1199 3583 non-

108 3624 201 3682 nullis
220 3625 335 3685 fectum
355 3633 400 3684 est
420 3624 452 3682 in
465 3623 596 3683 Homero
617 3645 652 3683 uc
670 3625 803 3702 Virgilio,
825 3624 851 3684 si
871 3624 936 3702 quis
958 3623 1038 3682 idem
1056 3625 1148 3683 saciat
1166 3624 1199 3681 in

108 3724 309 3785 Demosthene
324 3735 355 3784 et
365 3725 405 3784 Μ.
421 3725 532 3798 Tullio,
553 3734 587 3784 ut
603 3745 641 3784 ex
654 3726 814 3786 collatione
831 3726 967 3783 locorum
983 3721 1197 3802 deprehendat,

110 3826 186 3904 qnid
206 3825 258 3885 bic
282 3827 319 3886 sb
333 3827 386 3885 illo
409 3826 448 3884 sit
460 3834 623 3900 mutuatus,
646 3835 677 3886 et
689 3827 742 3885 ubi
755 3836 856 3886 noster
870 3826 909 3884 sit
925 3812 1040 3883 Graeco
1057 3844 1122 3902 par,
1145 3824 1199 3883 ubi

112 3926 266 4005 superior,
303 3927 356 3985 ubi
378 3926 416 3985 ab
437 3927 598 4005 exemplari
618 3928 753 3987 nonnihil
780 3929 937 4005 degeneret
956 3924 1088 3984 imitatio.
1138 3925 1198 3984 Vix
1222 3936 1227 3942 “

111 4025 227 4085 uliares
242 4046 337 4105 aeque
352 4027 493 4087 conducit
512 4028 551 4086 ad
563 4030 727 4106 parandum
739 4029 891 4087 iudicium.
935 4027 1002 4083 Non
1016 4024 1067 4083 hic
1081 4035 1198 4084 sumtu-

109 4146 165 4186 rus
176 4147 240 4187 eum
256 4149 378 4206 operam
394 4131 424 4186 in
441 4118 591 4187 laudando
608 4130 811 4204 Demosthene,
827 4129 864 4187 ad
881 4145 969 4205 quem
981 4147 1037 4204 pro
1053 4128 1198 4204 dignitate

108 4228 344 4309 praedicandum
374 4248 451 4308 opus
472 4239 550 4289 esset
575 4231 742 4310 eloquentie
761 4228 1001 4291 Demosthenica:
1034 4230 1094 4287 imo
1114 4230 1196 4287 nulle
