2768 4724
181 216 223 280 es
257 156 261 167 ’
345 274 349 289 ,
523 205 933 277 PRAEFATIONES

184 384 253 458 Quo
266 381 359 459 megia
372 381 461 463 etiam
472 399 566 462 opera
582 378 680 438 danda
693 389 747 454 est,
771 388 807 436 ut
821 379 991 440 cumlaude
1006 389 1037 441 et
1051 379 1146 457 gloria
1161 380 1272 459 potius,
1305 410 1329 441 ¹.

108 478 112 487 ¹
184 505 274 567 quam
298 503 368 544 cum
386 482 546 563 ignominia
572 493 603 542 et
624 480 737 560 probro
764 479 797 537 id
815 479 876 541 liat.
925 482 993 540 Non
1011 502 1058 541 me
1078 480 1169 558 sugit,
1198 481 1273 560 quid

184 587 301 648 causari
321 564 433 667 positis:
456 582 558 642 multis
577 583 638 641 iam
654 584 737 641 annis
751 582 807 641 tibi
823 582 862 641 ad
874 581 950 641 haec
965 582 1065 642 studia
1074 583 1125 642 vel
1138 583 1273 662 respici-
1317 586 1320 590 ’

181 690 252 751 endi
274 690 368 749 otium
389 685 533 746 defuisse:
555 682 637 742 domi
659 703 727 744 cum
746 685 796 760 sis,
817 684 910 743 totius
929 683 991 744 diei
1007 683 1272 744 discursationibus

182 790 221 852 ad
246 799 383 868 aegrotos
405 785 583 862 defatigarit,
596 805 684 866 saepe
704 786 793 847 etiem
809 808 828 846 a
842 785 999 846 nobilitate
1018 786 1119 846 vicina
1141 795 1172 846 et
1185 787 1272 869 prin-

181 892 299 971 cipibus
318 899 473 949 evocatum
486 906 503 944 s
514 885 599 945 libris
620 907 746 966 prorsus
765 889 876 948 abesse.
918 886 987 946 Scio
1003 887 1071 962 ista,
1093 885 1272 948 ethonestas

178 998 251 1056 istas
274 990 495 1070 occupationes,
517 993 746 1068 cum-praemiis
762 991 939 1050 autoritatis
958 999 992 1074 et
1009 991 1121 1068 gratiae
1146 991 1274 1049 coniun·
1336 1006 1340 1014 ’

180 1108 261 1173 ctas,
289 1095 344 1154 tibi
365 1091 508 1170 gratulor.
559 1090 619 1149 Sed
636 1092 718 1152 idem
736 1113 797 1151 non
820 1092 978 1166 concedo,¹
998 1101 1029 1151 te
1049 1093 1272 1171 occupatiorem

180 1220 244 1261 esse
264 1197 297 1256 C.
322 1195 399 1254 Iulio
424 1193 565 1267 Caesare,
588 1192 640 1270 qui
662 1192 765 1252 codem
789 1202 923 1271 tempore
940 1192 1052 1261 bellum
1074 1195 1223 1254 Gallicum
1242 1206 1272 1255 et

147 1283 151 1290 .
180 1300 277 1378 gessit,
301 1305 331 1356 et
345 1294 512 1373 descripsit.
555 1293 641 1353 Multi
652 1295 770 1368 dantur,
786 1292 922 1371 hyberno
935 1295 1269 1376 praesertimtempore,

180 1395 569 1470 contractioribusdiebus,
598 1393 638 1454 ad
658 1394 758 1454 studia
774 1394 903 1454 rothun:
933 1402 964 1453 et
989 1416 1059 1454 cum
1089 1397 1188 1456 omnia
1208 1417 1270 1455 non

97 1544 105 1569 .
148 1497 150 1501 ’
179 1501 269 1561 modo
290 1495 538 1577 philosophorum
557 1505 588 1555 et
607 1497 802 1570 medicorum,
825 1495 877 1555 sed
899 1506 1056 1556 oratorum
1072 1498 1171 1574 etiam,
1192 1497 1270 1556 inter

73 1640 87 1681 ,ι
111 1596 115 1603 ’
180 1622 257 1682 quos
271 1601 428 1680 praecipui
448 1601 496 1658 tui
519 1599 604 1658 fuere
626 1598 811 1658 Camerarius
825 1593 854 1657 'et
868 1599 1028 1676 Strumius,
1050 1601 1141 1675 diota,
1164 1599 1270 1660 celeri·

126 1715 128 1719 '
178 1714 240 1764 tate
253 1703 359 1763 calami
372 1721 449 1779 pene
461 1699 629 1761 incredibili
642 1700 683 1758 sis
699 1709 862 1776 assecutus,
878 1700 943 1762 fieri
955 1704 1039 1762 nullo
1054 1703 1145 1760 modo
1160 1711 1270 1779 potest,
1294 1689 1297 1695 ¹

179 1807 252 1886 quin
271 1805 322 1862 illa
344 1804 385 1860 ita
400 1798 459 1859 olle
473 1802 570 1859 animo
583 1810 637 1880 tuo
653 1803 713 1859 sint
723 1801 825 1876 infixa,
847 1804 976 1862 utnulla
993 1805 1106 1882 possint
1120 1795 1269 1862 oblivione
1290 1824 1295 1849 ι

178 1906 288 1979 deleri,
316 1898 424 1982 easque
448 1903 567 1962 radices
586 1902 714 1980 egerint,
742 1912 779 1961 ut
800 1903 896 1962 solida
926 1905 1072 1979 eruditio,
1101 1912 1132 1962 et
1151 1904 1269 1963 fructus
1318 1982 1320 1987 ⁴

178 2005 363 2079 eruditionis,
384 2005 540 2082 iudicium,
560 2006 630 2064 inde
653 1996 809 2082 pullularit
828 2015 859 2064 et
881 2005 1053 2066 effloruerit.
1096 2006 1161 2066 Etsi
1181 2007 1268 2079 enim,
1361 2046 1370 2055 -

176 2129 225 2169 me
251 2117 364 2182 autore,
385 2109 477 2189 paulo
497 2109 595 2168 serius
616 2107 654 2165 ad
670 2116 826 2186 utramque
844 2107 977 2184 linguam
988 2117 1020 2166 et
1030 2108 1175 2186 ingenuas
1189 2118 1270 2168 artes

177 2211 333 2272 docenda
374 2211 541 2287 accessisti,
570 2219 671 2268 tamen
692 2209 771 2268 Deus
798 2218 923 2269 conotus
950 2217 1018 2267 tuos
1040 2220 1071 2268 et
1098 2209 1269 2287 diligentiae

137 2314 140 2321 '
177 2314 380 2373 assiduitatem
393 2314 436 2371 ita
448 2311 625 2384 fortunavit,
647 2320 682 2369 ut
695 2311 784 2389 longe
804 2320 834 2371 et
851 2310 964 2369 diutius
979 2319 1010 2369 et
1019 2309 1138 2371 felicius
1154 2320 1184 2370 et
1196 2331 1269 2370 con-

177 2415 300 2472 stantius
321 2413 376 2471 sub
406 2413 665 2492 praestantissimis
688 2413 875 2497 agonothetis
894 2415 925 2472 in
943 2412 1002 2472 isto
1016 2413 1134 2473 literato
1159 2412 1267 2487 stadio,
1348 2409 1351 2415 ’

175 2515 207 2573 in
228 2513 442 2590 celeberrimis,
469 2518 606 2594 inquam,
636 2516 812 2575 Germaniae
834 2525 864 2575 et
885 2516 999 2576 Galliae
1019 2513 1204 2588 Academiis,
1225 2513 1269 2571 ita
1349 2506 1353 2521 '

176 2615 361 2691 decurreret,
382 2626 420 2674 ut
437 2617 597 2676 ordinatim
615 2615 744 2676 honores
764 2628 892 2697 peteres,
915 2627 946 2678 et
965 2638 1072 2696 magna
1095 2636 1164 2675 cum
1178 2615 1268 2674 laudo

175 2719 339 2779 laureolam
365 2719 600 2796 consequereris.
656 2719 757 2792 Quare
779 2720 855 2779 nihil
872 2707 930 2802 tp'bi
948 2720 1044 2778 iustae
1066 2717 1266 2778 excusationis

174 2820 313 2881 relictum
320 2831 373 2895 est,
390 2840 468 2895 cum,
485 2819 566 2899 quod
581 2839 634 2897 ego
649 2823 780 2900 postulo,
796 2822 826 2880 id
841 2831 875 2880 tu
888 2831 1040 2900 praestare
1053 2831 1084 2879 et
1101 2819 1219 2893 debeas,
1238 2828 1269 2879 et

174 2923 262 2982 sacile
279 2922 384 3000 possis.
415 2921 542 2982 sivero
564 2922 684 2998 gravior
707 2925 808 3002 aliqua
829 2943 918 2982 causa
937 2932 976 2982 te·
987 2923 1166 3001 impedierit,
1189 2921 1267 2978 illud
1369 2994 1373 3002 ¹

125 3048 136 3068 a
175 3034 256 3084 certe
273 3024 374 3099 negari
400 3021 452 3080 abs
472 3031 502 3081 te
523 3022 596 3082 mihi
622 3025 730 3098 nollm,
763 3034 798 3082 ut
816 3024 991 3094 doctorum,
1018 3041 1094 3098 quos
1121 3020 1213 3079 variis
1233 3020 1267 3078 in

156 3119 485 3201 tommassinius,
508 3133 547 3185 et‘
559 3145 649 3203 saepe
664 3126 730 3204 ipso
746 3123 915 3196 convenire,
938 3130 968 3180 et
982 3122 1019 3180 ab
1034 3120 1141 3180 iisdem
1154 3138 1267 3179 conve-

58 3264 62 3279 .
174 3224 232 3282 niri
254 3222 341 3297 soles,
362 3220 473 3284 iudicia
493 3225 641 3305 exquiras,
663 3245 757 3304 eaque
775 3224 870 3282 libere
891 3230 1052 3302 aperteque
1073 3223 1113 3282 ad
1132 3243 1181 3281 me
1196 3242 1267 3301 per-

174 3326 298 3386 scribas.
341 3324 438 3383 Minus
459 3326 536 3384 enim
550 3325 681 3405 apudte,
704 3325 778 3404 quid
792 3325 929 3398 confiant,
952 3322 1191 3398 dissimulabunt,
1212 3323 1267 3401 qui

174 3426 317 3486 eliensem
338 3426 428 3485 anion
450 3426 509 3486 mei
531 3427 658 3506 aliquam
675 3428 802 3486 fartam
815 3434 1001 3499 vererentur,
1025 3424 1051 3483 si
1067 3426 1171 3486 eadem
1185 3425 1266 3511 apud

173 3548 222 3588 me
248 3525 450 3607 expromenda
478 3537 589 3587 essent:
616 3528 680 3587 sine
702 3547 790 3586 causa
815 3527 861 3587 illi
882 3526 1013 3606 quidem.
1062 3528 1091 3587 la
1112 3528 1191 3587 enim
1212 3546 1266 3604 ego
1367 3550 1370 3555 ⁴

69 3672 71 3679 ·
117 3676 121 3684 .
173 3648 249 3702 sum,
272 3629 325 3706 qui
341 3630 421 3688 inter
443 3629 685 3704 calumniatorem
706 3637 738 3686 et
755 3629 932 3687 monitorem
944 3627 1108 3706 plurimum
1122 3629 1266 3688 interesse

173 3749 318 3790 censeam.
360 3731 436 3788 Nam
453 3727 505 3787 hic
524 3727 653 3806 quidm,
670 3750 708 3789 ex
727 3730 935 3790 benevolentis
954 3739 984 3788 et
1001 3729 1185 3810 reipublicae
1195 3727 1266 3787 lite·
1344 3808 1346 3812 λ

171 3832 268 3892 rariae
282 3831 382 3915 studio
398 3837 495 3889 errata
510 3829 574 3889 site
588 3832 749 3891 acerbitate
762 3834 852 3895 mimi
867 3845 896 3894 et
909 3832 1089 3894 contumelia
1103 3830 1265 3890 verborum

171 3932 366 4012 reprehendit
384 3921 454 4009 μετ’
467 3929 593 4011 ἐλέγχων
607 3933 659 3996 noi
679 3926 879 4010 cicadationes
902 3934 954 3993 ille
974 3953 1013 3992 ex
1023 3933 1137 3991 invidia
1151 3940 1181 3991 et
1194 3930 1265 3989 odio

172 4054 208 4093 ea
225 4036 389 4114 vituperat,
411 4031 520 4111 quihus
543 4054 605 4092 non
624 4036 687 4096 odit
702 4037 842 4113 meliora,
872 4034 927 4094 sed
948 4055 983 4094 ao
1003 4038 1144 4111 magnum
1163 4033 1265 4092 virum

171 4155 204 4195 se
225 4137 323 4195 nsum
339 4132 378 4192 iri
395 4143 499 4213 putat,
530 4136 558 4194 si
582 4157 633 4196 eos
651 4139 799 4213 incessat,
827 4135 936 4216 quibus
955 4135 1066 4213 ingenii
1084 4136 1266 4197 monimenta

170 4236 298 4298 nominis
311 4235 426 4317 aliquid
447 4218 478 4300 et
492 4239 605 4320 gratim
620 4250 651 4302 et
661 4239 829 4301 autoritatis
842 4239 931 4300 anam
944 4245 1137 4320 pepererunt.
1180 4231 1265 4293 Vale.
