2768 4724
163 203 231 271 asu
275 272 278 281 ,
466 234 471 245 -
521 194 907 262 annosarmnss

11 362 15 371 ’
67 332 72 344 .
113 408 116 413 -
223 364 261 429 P.
282 369 335 434 44.
356 372 459 436 v.'27·
476 332 670 452 ¹esctiJ'Abest
684 393 702 434 e
715 371 895 435 Meermenu.
917 388 1015 432 rerer.

149 532 152 538 ,
182 464 186 471 ¹
207 470 262 531 P
283 474 335 536 44.
351 460 385 529 t·
407 475 458 535 28.
476 463 655 552 ‘AliupeocJ
682 468 847 558 ’Atleprov
869 475 976 533 Bever.
998 466 1083 552 (cnm
1104 469 1191 551 leni).
1225 469 1262 531 In

166 553 341 635 Argustana
361 553 450 613 tertio
472 563 603 616 veterem
621 556 795 635 lectionem,
816 578 891 640 quae
913 557 972 616 tuit
988 550 1167 633 Ἀλίοντον,
1191 576 1264 616 cor-

126 688 129 695 .
166 639 248 711 rexit
263 658 342 698 nove
361 657 465 696 manne
491 638 529 698 ed
555 640 677 701 modum
701 644 854 722 vulgatae,
879 651 911 703 at
934 641 1038 703 eadem
1062 649 1163 702 minen
1182 660 1263 701 nova
1328 692 1358 701 ..

166 742 273 784 manus
293 741 396 782 rursus
417 745 508 785 οντον
530 727 751 808 superscripsit.
795 727 887 803 Quod
906 747 960 787 cur
979 725 1098 800 fecerit,
1119 724 1203 784 huual
1213 726 1264 784 in-

159 808 288 886 'telligo,
308 806 366 889 taisi
382 802 505 866 forsitan
516 804 696 870 hodiernum
712 802 816 892 oppidi
829 832 937 871 nomeu
953 807 1190 890 estHcliomue.
1205 830 1262 889 per

168 915 205 973 π,
221 913 283 951 non
296 912 351 970 por
364 915 399 952 r.-
419 901 454 950 ut
465 892 515 950 ille
530 912 598 952 cum
612 905 713 956 vetere
728 898 930 978 appellatione
943 896 1004 955 loci
1015 892 1127 956 hosam
1141 912 1263 975 quoque

168 977 316 1037 subiicere
330 975 471 1036 voluerit.
492 996 588 1036 seren.
721 973 727 984 ’
1008 971 1014 985 ’

96 1108 99 1113 ’
213 1094 265 1155 P·
286 1098 338 1160 44.
363 1114 393 1154 v·
415 1099 465 1160 29.
487 1095 560 1168 ἴσως
573 1089 614 1156 ὃν
628 1088 808 1176 ὄρμήσοιτι]
831 1097 864 1157 Ρ.
881 1096 957 1172 ἴσως
969 1092 1083 1160 dcxci
1100 1085 1151 1160 ἔπ’
1166 1089 1262 1158 οὔτᾶν

168 1171 338 1262 ήρμήσοιττ.
360 1180 466 1255 duos,
486 1192 521 1237 -nt
543 1176 614 1239 olim
628 1182 660 1240 in
674 1170 1033 1255 Euboeam'invaetneets,
1047 1212 1091 1229 -·
1109 1181 1164 1241 ito·
1177 1179 1210 1238 in
1230 1201 1262 1238 se

55 1314 59 1321 .
166 1285 281 1348 quoque
289 1264 436 1346 jomusn'e
462 1263 511 1336 [id
536 1273 597 1337 est,
626 1264 657 1324 id
681 1265 764 1344 qnod
783 1266 870 1326 sucile
894 1266 960 1325 lieri
979 1264 1097 1345 posset]
1128 1263 1260 1336 innatis,

96 1392 100 1401 «
167 1371 227 1409 rem
255 1370 320 1405 eom
351 1369 412 1407 esee
441 1345 529 1407 houd.
553 1345 800 1409 contemnendam.
829 1370 924 1411 aereas.
944 1395 946 1399 -
967 1350 1045 1411 Vere
1074 1346 1260 1425 Rtidigerns:

53 1444 56 1449 '
167 1430 279 1509 „Quod
293 1433 327 1489 R.
339 1440 408 1510 post
420 1431 493 1505 ἴσως
508 1425 657 1494 deuolute
672 1432 763 1492 inseri
776 1435 828 1497 net
839 1427 1010 1512 tn'ct’ndv,
1029 1434 1061 1493 id
1083 1433 1183 1515 ipsum
1201 1431 1262 1491 iam

92 1539 95 1549 ·
167 1516 415 1595 significaturper
425 1511 534 1598 ταύτης
554 1520 609 1598 τῆς
625 1514 739 1598 dynvf‘
781 1518 1038 1581 DeReiskiaao'ei
1051 1538 1082 1579 v.
1097 1525 1160 1579 not.
1176 1515 1215 1575 ed
1228 1533 1260 1576 v.

136 1611 138 1615 ’
166 1606 219 1669 26.
241 1620 399 1661 souuerse.
437 1670 440 1675 ¹

230 1702 263 1761 Ρ.
283 1703 335 1766 44.
357 1721 387 1760 v.
407 1704 458 1766 29.
479 1693 655 1784 ὅτμήσοιιτο]
689 1697 832 1786 ὁρμήσειε
851 1701 1093 1806 Augurum-{mi
1113 1699 1261 1798 supplem.

41 1810 45 1821 ·
166 1785 319 1848 Pithoeen.
331 1785 483 1865 appendix
493 1786 679 1849 Francofnrt.
693 1783 861 1872 ὃρμήσητοι
874 1791 960 1850 Voss.
976 1807 1126 1872 ορμήσήτο
1146 1786 1261 1847 Bonus.

165 1870 277 1933 Herlei.
293 1870 401 1931 Aldina
413 1870 545 1949 Teylcri.
567 1892 663 1934 ueras.

229 1970 264 2031 Ρ.
286 1974 338 2037 44.
359 1990 392 2029 v·
414 1975 464 2048 29.
486 1968 574 2036 οὔτοι
586 1976 775 2048 παττιλοῖςὲι.
789 1972 863 2056 ut]
883 1977 966 2036 citat
979 1972 1045 2035 tut
1059 1972 1261 2048 Hermogenes

165 2077 199 2139 p.
211 2060 263 2131 90,
277 2062 305 2121 1.
320 2055 372 2115 ubi
385 2054 525 2135 Hermog.
540 2057 667 2118 Aldinns
682 2061 898 2146 e'Crispiniano
920 2059 1002 2121 haud
1025 2077 1133 2138 parum
1147 2055 1262 2115 tuere-

165 2150 235 2223 pst:
255 2141 448 2200 aamP01·tus
469 2141 512 2200 ibi
523 2143 676 2222 malgetam
691 2144 946 2206 Demosthenicum
962 2142 1105 2205 exhibuit.
1132 2140 1263 2201 Hermo-

166 2244 255 2305 genes
268 2225 339 2284 etti
355 2226 399 2284 sie
413 2226 519 2285 refert:
545 2222 585 2289 cii
597 2253 626 2290 τι
638 2236 789 2303 παντελῶς
803 2224 872 2293 oit'
888 2231 917 2295 ei
929 2223 970 2312 μή
986 2220 1126 2307 ποιήσετε
1138 2219 1178 2302 νή
1190 2224 1263 2301 An,

32 2384 38 2399 ,
90 2314 93 2320 ’
115 2372 122 2379 .
167 2302 211 2385 eie
226 2311 325 2416 ἱἔήοιήτ
343 2312 437 2390 κρίνοι
446 2357 468 2412 ,θ
481 2303 744 2394 εὐκαταφρόνητον
764 2314 861 2390 ἔσται,
887 2315 939 2378 ἵνα
963 2307 986 2392 ή
1006 2307 1058 2376 διὰ
1078 2305 1132 2373 τήν
1156 2304 1262 2390 φόβον

111 2439 113 2443 ψ
167 2395 254 2468 sidere
277 2400 435 2477 congeneis
446 2391 705 2479 υμᾶςρπόοχηται
712 2445 722 2475 ,
740 2393 914 2480 vincereris
929 2423 954 2464 τ.
971 2392 1000 2460 ai.
1016 2402 1041 2460 t.
1063 2412 1161 2454 rerer.
1205 2480 1207 2485 Ι

231 2513 264 2573 Ρ.
286 2515 338 2578 44.
359 2531 387 2581 t·
409 2517 460 2578 29.
483 2509 582 2594 οὔτοι]
603 2514 662 2575 Pro
685 2511 723 2577 οὔ
741 2539 769 2578 τι
792 2537 832 2575 m.
853 2509 895 2578 cii
906 2540 952 2581 τοι
969 2514 1019 2574 vel
1036 2504 1074 2578 cai
1094 2509 1141 2592 del.
1186 2512 1263 2571 Seu·

167 2597 260 2657 tentia
284 2606 344 2657 est:
372 2597 504 2656 Tametsi
522 2597 660 2657 huonon
682 2599 829 2675 feceritis,
861 2600 910 2680 (id
931 2609 990 2674 est,
1010 2599 1036 2657 si
1057 2618 1117 2657 non
1140 2605 1262 2677 strenue

167 2683 371 2757 excurrentis,
385 2677 568 2761 sinstolim)
577 2683 614 2742 id
622 2683 703 2762 qnod
718 2704 771 2757 ego
786 2695 884 2745 tarsen
896 2685 1015 2744 onmino
1027 2701 1138 2741 censeo
1146 2680 1262 2741 sacien-
1309 2729 1312 2733 .

168 2764 257 2842 dnm,
284 2787 347 2827 non
367 2776 467 2826 tamen
488 2767 520 2825 in
547 2787 581 2826 ee
608 2788 641 2827 re
658 2789 768 2848 perum
788 2769 932 2829 momenti
953 2771 1018 2828 en't.
1039 2785 1139 2826 wore.
1169 2759 1210 2829 οὔ
1234 2787 1263 2829 τι

166 2850 347 2912 Meernrann.
359 2851 426 2911 ind.
445 2851 477 2911 P.
493 2851 652 2911 Manutius.
696 2854 754 2912 Pro
772 2850 811 2916 οὔ
823 2878 850 2917 τι
866 2854 981 2919 mavult
997 2850 1087 2910 wolt
1102 2859 1155 2923 aut
1166 2846 1262 2926 οὗτοι,

169 2936 251 3014 qnod
267 2937 355 2995 estin
367 2935 498 2994 Parisino
514 2945 544 2994 et
555 2935 622 2995 Ald.
637 2935 785 3015 Lessing,
803 2947 855 2996 aut
868 2931 906 3001 mi
921 2935 969 3016 δή.
991 2955 1088 2994 rerer.
1121 2929 1262 2997 Promisi

166 3020 200 3079 in
220 3020 303 3099 vulg.
325 3018 396 3079 dedi
419 3015 458 3082 οὕ
477 3043 541 3096 τοι,
569 3040 657 3098 quam
682 3021 840 3079 lectionem
862 3022 952 3082 multi
971 3020 1057 3080 codd.
1076 3017 1261 3077 consument.

167 3123 276 3165 suoru.
305 3100 390 3166 οὔτοι
403 3110 564 3178 παντελῶς,
580 3125 651 3162 eone
664 3127 785 3184 prorsus
806 3127 878 3168 non.
921 3108 985 3166 Nec
1005 3115 1104 3163 temen
1125 3102 1262 3162 damnem

165 3210 196 3252 τι
202 3234 212 3263 ,
234 3187 316 3267 quod
336 3187 508 3247 huiusmodi
525 3182 683 3268 particulis
702 3188 863 3274 fortissime
881 3191 1058 3271 negantibus
1073 3195 1155 3248 recte
1173 3185 1265 3247 addi-

166 3280 228 3334 tttr.
251 3292 410 3332 semesa.

229 3374 264 3434 P.
285 3377 336 3440 44.
357 3392 388 3433 v.
409 3376 461 3438 29.
482 3365 656 3458 ποιήσαιτ’]
695 3376 731 3435 In
758 3386 861 3436 nostro
890 3364 1036 3452 ποιήσητε
1057 3381 1129 3433 erat.
1159 3390 1262 3431 cssor.

81 3488 84 3493 ·
166 3458 238 3521 ecit.
258 3450 353 3539 ὑμεῖς.
396 3459 464 3517 Non
485 3458 524 3517 ad
542 3458 713 3540 Philippum
727 3461 870 3541 pertinet.
913 3456 988 3514 Nam
1008 3464 1026 3519 ἒ
1039 3479 1101 3561 per
1124 3465 1264 3535 apostro-
1335 3514 1338 3520 ,

63 3582 67 3590 -
166 3542 262 3625 phum
275 3543 425 3603 abiectum
442 3552 494 3617 est,
516 3563 577 3602 non
590 3553 623 3606 a:
645 3540 800 3625 ποιήσαιτε
812 3546 886 3622 lege,
897 3561 958 3602 non
973 3560 1143 3621 ποιήσοιτο.
1159 3560 1261 3601 ivone.

167 3623 434 3730 ποιήσήτἨοιῙοὶ.
460 3628 529 3687 cod.
554 3628 727 3709 Obsopoei,
759 3628 911 3710 appendix
931 3625 1176 3688 Francofurtsna.
1198 3626 1263 3689 τιεί·

161 3703 247 3778 ,σπη’
260 3737 281 3792 η
295 3705 438 3792 ποιήσητ’
456 3712 566 3771 Aldina
582 3715 712 3792 Taylcri.
735 3734 831 3775 uersa.

166 3830 169 3837 ’
230 3832 264 3893 Ρ.
283 3833 335 3897 45.
359 3849 389 3889 ν.
414 3835 442 3894 1.
463 3824 518 3910 dv]
539 3834 630 3892 Recte
646 3832 783 3908 additur,
806 3850 874 3890 cunt
884 3828 1050 3889 enuntiatio
1061 3846 1118 3908 per
1129 3845 1176 3899 se,
1189 3823 1221 3884 lr.
1236 3846 1263 3887 e.

166 3918 248 3977 nulle
270 3916 387 3976 ratione
408 3913 509 3974 habita
533 3928 719 3996 antegressae
738 3916 904 3997 particulae
926 3914 968 3988 εἰ,·
998 3912 1037 3971 sit
1054 3909 1262 4016 lappcthctica.

167 3997 282 4061 etiamsi
284 3999 372 4085 feru
384 4001 425 4081 (εἰ
437 3995 535 4080 τῦχοι)
549 4000 607 4061 'doc
622 4023 680 4061 nen
690 3999 832 4085 faciatis.
875 3997 964 4056 llsud
979 4016 1050 4056 raro
1068 4019 1108 4058 αν
1120 3996 1163 4055 sic
1176 3996 1264 4074 posi·

166 4093 232 4142 tum
244 4086 321 4143 male
338 4083 441 4143 hebuit
452 4086 535 4144 viros
549 4084 672 4159 doctos',
695 4084 777 4164 quod
795 4083 942 4143 referrent
963 4081 1003 4141 ed
1017 4081 1061 4156 ut,
1079 4101 1140 4161 quo
1153 4079 1262 4140 referri

165 4187 228 4227 uon
246 4168 420 4248 oportebat.-
447 4169 586 4248 edeoqne
607 4169 734 4245 accidit,
754 4177 792 4227 nt
804 4187 877 4228 eum
905 4187 1012 4246 magna
1041 4185 1145 4225 sensus
1165 4164 1261 4224 detri-

165 4260 265 4314 mento
278 4251 420 4313 delerent.
462 4252 617 4314 Simillimo
631 4253 817 4315 constructio
830 4253 861 4313 iu
880 4252 1006 4334 periodo
1022 4251 1160 4333 proxime
1175 4257 1262 4310 ente·
