2768 4724
298 237 357 299 so
385 231 1040 310 necyn-oum.‚os-conrars.
1081 221 1085 232 '
1115 196 1218 323 ἐτη

194 405 227 466 Ρ.
250 406 320 472 165.
344 406 678 467 mmosesnors
703 404 1115 482 eraorAnmrror]
1136 405 1218 466 nst.
1329 374 1334 391 ”

130 491 217 569 pinnt
231 490 301 548 lrinc
316 486 519 548 Demosthenis
538 489 791 566 συμβουλευτικοί.
814 488 929 546 Primae
953 489 1079 546 orationi
1098 487 1158 548 hoc
1178 491 1217 550 ds

37 602 42 610 ¹
131 595 254 651 genere,
281 594 357 653 quse
383 582 428 635 est
446 573 517 650 περὶ
543 568 729 647 συντάξεως,
756 571 906 655 σιτοῦνται
927 580 972 630 est
988 571 1042 629 -hic
1063 573 1168 634 titulus
1181 575 1217 639 ¹iu

128 659 320 732 'Arignstano,
348 657 566 734 Δημοσθένους
590 656 854 735 συμβουλευτικοὶ,
880 657 911 713 in
941 654 1052 735 plurali
1074 662 1216 733 'numero

130 744 262 801 Pertinet
284 741 361 801 enim
379 740 429 800 hic
447 739 553 816 titulus
569 760 628 799 non
644 739 681 799 ed
700 739 794 799 solam
810 739 907 815 istam,
918 741 1081 799 orationem
1088 771 1099 811 ‚·
1110 741 1218 802 sedad

130 836 224 884 totam
240 826 318 884 hanc
333 826 532 884 suasoriarum
550 824 687 897 classem,
700 843 774 901 quae
788 843 855 881 cum
869 821 925 880 lrac
941 822 1073 881 oratione
1087 823 1218 901 reliquas

132 913 218 969 etiam
243 921 370 988 quatuor
391 910 579 986 insequentes
600 929 616 964 a
639 928 670 986 p.
696 909 763 971 165.
787 907 825 964 ad
849 928 880 984 p·
903 912 976 971 220.
996 907 1218 985 complectitur:

130 995 210 1052 unde
230 996 260 1052 in
281 995 370 1053 titulo
388 1012 507 1070 quoque
530 990 775 1070 συμβουλουτιιιοὶ
793 989 861 1047 dedi
884 1011 942 1069 pro
966 986 1219 1075 συμβουλευτικός

131 1088 160 1136 et
176 1073 242 1156 ἤτοι
256 1079 363 1137 delevi.
393 1078 428 1134 In
446 1075 590 1133 Bavarico
613 1075 718 1132 titulus
739 1075 782 1132 sic
801 1084 865 1132 erat
886 1084 1063 1152 conceptus:
1086 1079 1218 1154 συμβου·

127 1162 264 1225 λιυτιιιοί.
286 1162 376 1240 [item
390 1161 421 1216 in
435 1179 557 1216 numero
577 1157 715 1247 plurali]
736 1157 802 1236 ansol
818 1154 990 1233 συντάξεως.
1011 1159 1121 1219 Aldine
1132 1160 1217 1239 Tnyl.

128 1247 249 1305 titulum
266 1248 310 1302 sic
327 1244 392 1301 det:
415 1244 568 1321 Λιβονιου
585 1237 733 1315 andrense
747 1247 800 1304 τοῦ
815 1242 882 1319 περὶ
895 1248 952 1321 τῆς
963 1238 1128 1319 συντάξεως
1141 1263 1219 1323 συμ-

128 1330 328 1411 βουλευτικοῦ
342 1318 444 1406 λόγου.
466 1345 563 1386 esus.
577 1327 727 1386 illitulum
746 1324 828 1385 hunc
850 1327 1015 1403 generalem
1029 1323 1218 1412 Bekkerns')

130 1413 238 1472 omisit.
255 1430 414 1469 scussssn.

130 1773 592 1858 Annonamonss
644 1775 725 1855 AD
780 1750 1219 1876 ascensurum

197 1925 511 2007 ornaments
539 1924 621 2004 ms
650 1923 1159 2041 conrnmnmonn.

191 2276 223 2335 P.
247 2276 317 2342 165·
339 2291 370 2334 v.
392 2279 423 2338 2·
447 2272 520 2356 ylio]
538 2271 570 2338 dl
585 2275 692 2334 Bavar.
707 2293 805 2336 unx.

189 2377 222 2435 P.
247 2382 316 2442 166.
338 2397 369 2455 tt·
393 2382 423 2439 1.
441 2371 602 2455 παρελθών
620 2370 854 2457 ὅΔημοσθὲνης
867 2375 986 2458 πείθει]
1000 2378 1099 2444 sceldes
1112 2384 1219 2464 παρελ·

126 2455 195 2522 &aiv
210 2454 227 2522 ti
243 2459 442 2538 Δημοσθένης
456 2458 611 2537 appendix
622 2459 865 2519 Francosurtann.
877 2480 974 2521 sursit.

190 2560 222 2616 P.
246 2564 315 2622 166.
339 2578 370 2618 v,
395 2563 424 2621 1.
447 2557 671 2637 συνταχθῆναι]
694 2559 767 2617 Post
785 2565 989 2641 συνταχθῆναι
1006 2565 1120 2624 addunt
1133 2567 1219 2629 Pari-

127 2643 209 2699 sinus
233 2643 354 2720 quintus
376 2651 405 2700 et
423 2639 533 2699 Aldina
553 2640 676 2719 Taylori
697 2665 735 2704 ss.
753 2661 851 2700 neres.
876 2644 1065 2705 ‘Eucliticam
1091 2650 1219 2710 adscivit

125 2726 252 2785 Bekker.
268 2743 429 2784 onumen.

191 2828 223 2887 P.
248 2831 318 2891 166.
341 2847 370 2885 v.
393 2832 424 2891 8.
447 2816 620 2905 Ἐιλῆνυή
636 2817 818 2904 Ἑλληνικῶν
838 2823 946 2886 Aldine
960 2820 1099 2908 hylari,
1124 2830 1217 2907 Paris,

126 2908 275 2972 secundus
292 2919 323 2968 et
336 2909 465 2988 quintus.
478 2925 574 2967 nmen.
1182 2907 1186 2917 “
1203 2910 1206 2917 “

190 3014 223 3071 P·
248 3016 316 3076 166.
340 3030 369 3069 v.
392 3015 421 3074 4.
443 3006 525 3089 eoin]
547 3010 617 3069 Post
637 3009 696 3071 cciv
715 3007 800 3069 addit
815 3031 915 3088 margo
931 3012 1102 3074 Lutetinnaa
1121 3015 1217 3097 παρὰ,

126 3098 217 3156 tecito
231 3106 360 3154 auctore.
385 3095 474 3166 Quod
489 3093 513 3151 si
531 3094 719 3166 admittatur,
734 3094 858 3154 Wollius
874 3107 976 3156 censet
989 3099 1146 3176 legendum
1159 3107 1219 3167 τόν

125 3179 208 3261 παρὰ
220 3188 282 3253 τοῖς
296 3176 388 3241 πάλαι
410 3174 539 3248 δεικνύς.
562 3177 669 3237 Aldina
684 3178 807 3256 Taylori
820 3181 864 3239 sic
881 3181 946 3240 dat:
969 3178 1160 3262 ταπεινότερα
1181 3181 1219 3249 τὰ

124 3260 206 3344 παρὰ
220 3270 281 3327 ταῖν
296 3269 441 3326 παλαιῶν·
454 3282 549 3321 sntsx.
570 3264 822 3340 Praepositionem
840 3265 892 3341 qui
907 3265 1097 3341 addiderunt,
1112 3268 1234 3331 videt!

124 3359 177 3408 tur
191 3350 234 3408 sic
249 3350 369 3426 legisse:
392 3345 474 3422 nonai
489 3343 526 3408 τοὶ
538 3353 597 3415 τοῖν
609 3352 753 3408 παλαιῶν.
777 3348 841 3407 lloc
855 3369 908 3424 ego
924 3351 1043 3426 quidem
1057 3372 1116 3410 non
1129 3375 1218 3434 sper-
1285 3374 1289 3404 τ

125 3451 207 3491 nam:
231 3442 275 3490 est
294 3434 371 3490 enim
397 3436 580 3490 constructio
600 3430 691 3508 paulo
713 3433 899 3492 reconditior
917 3435 1067 3514 dignaque
1085 3436 1231 3500 Rhetors·

128 3524 263 3592 captante
276 3516 477 3591 exquisitiora.
492 3534 650 3575 scensas.

177 3758 202 3826 *)
221 3760 288 3809 Cum
301 3752 356 3809 huc
368 3755 556 3824 pervenissem
572 3749 799 3821 commentando,
813 3748 951 3810 Seidlerus
965 3761 1146 3816 oxoniensem
1162 3765 1216 3821 De-

228 3826 378 3878 mosthenis
401 3827 549 3878 editionem
569 3844 585 3877 a
603 3826 662 3877 viro
685 3841 750 3895 egre
774 3825 798 3876 ’σ
827 3836 953 3878 curatam
979 3830 1049 3880 mihi
1082 3833 1217 3887 benevole

227 3895 386 3947 transmisit.
422 3895 567 3946 Praestabo
584 3894 670 3965 igitur
686 3911 741 3963 quo
774 3910 801 3962 p.
815 3896 874 3949 609.
891 3898 984 3963 recepi
1004 3914 1050 3948 me
1064 3899 1215 3971 facturum,

227 3963 255 4014 in
280 3960 437 4031 Appendice
456 3980 505 4031 sup
526 3962 629 4015 letnrus
651 3978 722 4032 quae
741 3962 777 4014 sd
799 3957 916 4014 criticen
938 3964 966 4013 in
989 3967 1216 4024 antecedentibus

227 4033 400 4085 orationihus
412 3980 587 4101 Epistolaque
608 4026 807 4102 quaelPliilippi
819 4031 921 4083 dicitur
934 4037 1088 4100 spectantis
1102 4048 1216 4095 enotare

225 4098 302 4152 illinc
314 4117 370 4163 non
381 4101 468 4156 licuit.
486 4116 633 4155 senenses.

554 4248 759 4268 ψ
