2768 4724
440 243 499 306 Al)
524 242 655 306 ORAT.
680 242 879 306 PHILIPP.
905 242 945 306 Il.
1168 247 1232 315 425
1263 246 1270 255 ’

154 433 204 473 sus
216 432 273 491 pro
286 413 408 491 vulgata
424 413 483 473 (lici
503 423 629 494 possunt
645 412 733 472 haec:
755 411 934 472 Thessaliam
955 412 1015 473 ism
1036 412 1147 473 dudum
1162 424 1231 476 sats

154 497 323 575 Philippum
336 498 369 562 iu
380 508 509 574 quatuor
520 499 704 576 principatus
720 497 844 555 divisam
858 497 956 557 fuisse.
970 524 976 535 ¹
998 497 1045 556 Nil
1067 518 1137 575 ergo
1159 498 1232 559 Phi-

152 581 253 658 lippus
266 581 297 638 in
311 580 407 640 seruis
421 581 589 640 Thessaliae
599 582 749 657 rogandae
764 582 886 639 novavit
899 589 1048 640 vetustam
1062 583 1230 647 restituens.
1254 619 1257 627 ·

155 664 214 722 Sed
229 683 352 722 novasse
366 665 491 738 dicitur,
524 674 554 723 et
575 675 692 724 vetusta
715 664 834 742 quidem
855 664 948 722 multo
964 664 1141 742 iniquiorem
1168 667 1232 727 foa

154 767 232 806 mam
253 757 556 807 commutassemus
587 747 661 809 Mihi
673 748 791 807 videtur
808 749 1001 825 δεκαδαρχίαν
1015 749 1153 808 mendum
1169 770 1232 810 esse
1322 755 1326 759 ’

154 831 354 906 manifestum,
377 842 406 891 et
418 833 573 909 legendum
587 834 767 910 τετραρχίαν.
810 829 958 889 Thessalia
971 833 1047 890 enim
1062 827 1155 891 divisa
1171 843 1234 893 erst

154 912 185 970 in
195 924 321 991 quatuor
335 926 444 992 gentes,
466 915 618 994 inquibus
633 916 754 992 singulis
769 914 923 992 Philippus
937 916 1137 974 collocaverat
1149 936 1233 993 prae·

154 997 264 1056 fectum
277 1000 404 1079 aliquem
426 997 677 1067 vel'tesrorcbam.
720 998 892 1077 Philippus,
915 999 1012 1077 inquit
1033 998 1232 1079 Harpocratio

156 1080 194 1138 ad
216 1100 319 1141 vocem
343 1084 534 1162 δεκαδαρχίαν,
565 1083 646 1159 apud
669 1081 824 1140 Thessalos
846 1101 905 1140 non
926 1083 1232 1167 constituitoenooap·

153 1166 232 1243 χίας,
255 1175 288 1223 ut
304 1169 507 1243 scriptumest
526 1165 557 1222 in
571 1164 738 1244 Philippica
760 1176 843 1224 sexta
865 1164 1085 1241 Demosthenis„
1116 1166 1168 1225 sesl
1182 1178 1233 1227 ta·

154 1247 307 1310 trarchias.
350 1249 495 1308 Observat
514 1257 610 1307 tamen
630 1250 778 1323 lleiskius,
800 1256 834 1307 ut
854 1248 1000 1325 vulgatam
1020 1258 1155 1324 tueatur,
1176 1273 1247 1331 po·.

153 1333 337 1405 culesberi,
358 1342 391 1392 ut
404 1330 574 1413 Philippus,
599 1333 709 1411 quires
731 1332 852 1415 novavit
871 1332 902 1389 in
924 1331 1091 1406 Thessalia,
1113 1337 1232 1412 praefe-
1258 1399 1260 1409 Ι

154 1424 307 1473 clusarum
320 1417 359 1473 ibi
375 1437 531 1474 numerum
542 1416 668 1474 auxerit.
704 1417 762 1475 Sed
776 1418 839 1495 ipse
852 1414 1060 1475 Desnostbeues
1072 1415 1103 1474 in
1116 1415 1231 1498 Philip-

153 1498 220 1576 pica
233 1501 320 1556 tertia
336 1495 368 1578 ¹l)
389 1499 522 1576 loquitm·
542 1499 578 1557 de
599 1498 768 1558 tetrarchiis
791 1495 873 1577 apud
890 1498 1044 1557 Thessalos
1060 1521 1077 1557 a
1092 1499 1230 1581 Philippo

155 1584 331 1642 constitutis.
345 1603 452 1641 suasa.
473 1581 728 1642 stainam-aec.
742 1604 772 1662 p.
789 1587 857 1648 132.
879 1582 1033 1658 Vulgatam
1047 1592 1149 1642 tuetur
1156 1587 1231 1663 Ery.-
1345 1614 1348 1620 ·

155 1666 387 1741 mologicum'bl.
396 1688 429 1811 p
447 1669 523 1740 254,
545 1666 595 1730 25.
618 1667 670 1736 ael
694 1667 840 1739 Φίλιππος
856 1664 956 1740 μέντοι
975 1659 1057 1741 παρὰ
1073 1669 1231 1741 Θετταλοῖς

154 1745 338 1829 δεκαδάρχην
351 1749 383 1827 [l
415 1750 601 1829 εκαδαρχίαν]
625 1749 814 1829 κατέστησεν,
843 1744 885 1821 so‘c
901 1748 1232 1837 Δημασθίνηςίνὲιιτφ
1334 1766 1337 1771 “

156 1834 357 1895 Φιλιππικῶν.
378 1833 414 1894 V.
426 1833 537 1893 Weisk.
555 1834 593 1892 de
609 1832 740 1913 Hyperb.
759 1834 854 1911 111.p.
875 1838 923 1896 16.
933 1846 1094 1895 'acusasun
1190 1902 1193 1907 j
1329 1840 1334 1853 “

216 1935 247 1991 Ρ.
270 1940 319 1999 71.
340 1954 370 1992 v.
396 1939 444 2000 13.
465 1931 522 2011 τὴν
544 1936 683 1996 Πυλαίαν
709 1924 875 2009 ἀποδόντα]
906 1932 982 1991 Hinc
1004 1932 1143 2012 apparet,
1174 1922 1231 1997 'sos

154 2016 289 2094 Pylaeam
303 2018 437 2077 amissam
452 2020 643 2096 recuperasse
662 2015 791 2096 Philippi
813 2035 919 2093 opera,
942 2036 1010 2075 cum
1033 2027 1063 2075 et
1075 2017 1134 2096 ipsi
1146 2016 1232 2103 prius¹
1256 2043 1259 2050 ¹

98 2117 101 2130 ·
155 2099 460 2179 luisseuthlagorae.
482 2123 580 2163 woua.

218 2203 251 2260 Ρ.
273 2208 321 2266 71.
343 2223 373 2262 v·
399 2210 448 2270 13.
472 2202 620 2280 Πυλαίαν]
645 2194 784 2263 Πύλαιαν
796 2200 908 2260 Hamis.
929 2221 1022 2259 nassa.

218 2302 249 2360 P·
272 2309 322 2368 71.
343 2323 374 2363 v.
399 2309 447 2368 14.
467 2297 720 2384 παραιρήσεσθαι]
749 2302 797 2359 Sic
819 2311 863 2360 eat
884 2303 916 2360 in
931 2311 1016 2361 texto
1035 2301 1111 2382 Aug.
1139 2303 1230 2380 tertii,

146 2385 249 2444 sedin
264 2395 354 2465 marg.
372 2412 420 2470 γρ.
434 2383 668 2467 ἀφαιρήσεσθαι.
687 2405 782 2444 naisa.
1238 2391 1240 2394 ’

144 2524 147 2528 ’
217 2489 250 2548 Ρ.
273 2494 323 2552 71.
344 2507 374 2546 v.
398 2493 447 2553 14.
470 2483 606 2566 οὖνέστι]
633 2481 980 2550 adrameriensem.
1003 2506 1098 2545 aaran.

216 2590 247 2646 P.
272 2595 322 2651 71.
342 2608 372 2645 v.
396 2595 445 2653 16.
466 2587 619 2666 θεωρεῖτε]
643 2595 759 2659 cavete,
783 2586 851 2663 quia
872 2587 945 2643 latet
965 2587 1067 2659 anguis
1083 2587 1114 2644 in
1129 2585 1231 2649 herbe.

154 2671 270 2728 inescat
297 2690 353 2728 vos
373 2672 654 2749 pollicitationibus:
692 2671 836 2727 inescatos
859 2670 935 2726 malo
959 2669 1073 2745 perdet.
1117 2671 1233 2730 Sirenes

155 2764 258 2812 cantus
285 2755 430 2812 suavitate
454 2765 559 2812 nautas
582 2753 716 2810 delinitos
738 2762 766 2808 et
791 2752 958 2828 corisopitos
980 2752 1118 2809 lacerant.
1138 2772 1232 2811 που.

152 2838 294 2913 Augerus-
304 2845 442 2916 θεωρεῖτε
458 2858 513 2916 pro
527 2836 687 2893 indicativo
701 2833 819 2892 habuit:
841 2835 932 2891 vertit
948 2833 1023 2890 enim
1036 2832 1147 2892 videsis.
1176 2834 1233 2895 Mi-

153 2921 202 2996 hi,
224 2931 259 2978 ut
273 2921 397 2997 Wollio,
418 2922 612 3000 imperativus
623 2918 750 2977 videtur.
773 2918 854 2976 Cous.
869 2938 898 2995 p.
913 2922 963 2989 93,
984 2923 1012 2981 8.
1035 2936 1191 2976 sensurus.

216 3025 248 3082 P·
271 3028 321 3087 71.
342 3042 373 3080 v·
398 3027 445 3086 16.
471 3019 634 3096 Φίλιππον]
653 3013 706 3081 τάν
728 3018 878 3081 Φίλιππον
893 3015 1005 3076 Harris.
1018 3036 1114 3076 nassa.

187 3183 190 3187 .
216 3125 247 3183 Ρ.
270 3131 320 3188 71.
343 3143 372 3181 v.
398 3128 446 3186 17.
470 3114 647 3199 ἀπεύχεσθε]
677 3121 735 3178 Pro
758 3111 920 3194 ἀπεύχεσθε
941 3117 973 3174 in
998 3117 1120 3194 antiquo
1139 3111 1234 3180 ἀπεύ·

153 3209 247 3282 ξασθε
276 3208 419 3285 scriptum
452 3206 517 3263 suit.
555 3226 654 3262 onsoa.
692 3227 738 3283 yn.
765 3196 928 3275 ἀπεύξεσθε
954 3201 1045 3261 Paris.
1070 3200 1234 3272 secundus,
1285 3202 1292 3217 '

155 3293 289 3371 quintus,
319 3303 452 3348 octavus.
474 3282 644 3361 ἀπεύξασθε
667 3288 741 3362 sug.
760 3286 889 3364 primus,
919 3283 1081 3357 secundus,
1119 3285 1234 3360 tertius,

154 3377 206 3432 scd
223 3378 253 3430 in
269 3374 326 3433 hoc
340 3375 397 3447 sic,
423 3383 473 3445 ut,
492 3391 562 3431 cum
582 3372 700 3447 vulgata
720 3371 752 3427 in
772 3378 855 3429 texto
879 3377 969 3440 esset,
992 3369 1028 3440 ξα
1048 3377 1123 3427 esset
1143 3373 1235 3448 super

155 3458 268 3536 syllaba
283 3481 313 3536 χε
325 3460 476 3536 scriptum.
510 3456 671 3514 Bavaricus
691 3454 763 3512 item
782 3462 937 3530 utramque
954 3451 1114 3512 lectionem
1130 3453 1234 3515 eodem

793 3538 829 3609 §a
1135 3579 1137 3583 ·

156 3625 216 3683 situ
233 3623 369 3693 exhibet,
398 3623 450 3680 sed
470 3624 502 3680 in
519 3622 676 3695 infinitivo,
710 3615 899 3698 ἀπεύχεσθαι.
948 3618 1015 3688 Pari
1031 3617 1119 3675 modo
1138 3617 1234 3677 codex

155 3709 307 3787 Obsopoei
320 3708 370 3765 slat
382 3698 569 3780 ἐπεύξασθαι
583 3701 646 3782 **),
671 3713 701 3763 et
713 3703 821 3761 Aldina
834 3701 954 3781 Tayloii
974 3711 1062 3778 atque
1084 3700 1235 3780 appendix

156 3850 357 3865 β*

206 3924 232 3990 *)
249 3927 276 3977 Ρ.
296 3925 359 4003 117,
377 3923 420 3976 26.
448 3921 521 4002 llum
543 3920 617 4000 forte
643 3919 696 3971 duo
719 3917 769 3998 hos
790 3912 867 3968 locos
891 3917 929 3968 sic
954 3912 1235 4033 coriciliabimusb,but

256 3992 411 4109 1ξὲᾟέιῖἶῖ
428 3987 788 4127 1113113λὲλῖλί
802 3985 969 4123 {bilta
987 3982 1234 4119 35¹¹belessss

256 4128 302 4179 ἵνα
324 4125 363 4194 μὴ
386 4125 474 4193 μόνον
498 4125 568 4181 κατὰ
592 4121 699 4190 πόλεις,
724 4118 792 4177 ἀλλὰ
815 4120 863 4176 καί
885 4114 942 4173 κατ’
968 4117 1037 4187 ἔθνη
1061 4114 1235 4174 δουλεύωσιν.

207 4211 446 4330 *blesinbllsblioei
462 4261 638 4316 annotatione
655 4269 796 4321 enotatum
812 4252 979 4323 ἀπεύξασθε.
995 4255 1152 4321 εαειεπαειιί
