2768 4724
1190 215 1218 297 i

55 409 59 415 -
121 369 308 441 mundabor
329 393 528 462 qumquam
542 374 604 442 otii
616 376 685 444 mei
699 385 827 460 purtem
838 377 926 445 haud
939 380 1115 445 minimam
1124 373 1215 449 Dtoss
1256 437 1259 440 ι

123 474 287 559 nysianae
304 476 567 563 Ambaeoloqise
587 478 746 555 volumen
766 479 902 547 tertium
930 492 966 545 st
992 479 1214 559 Plutareheag·

119 594 199 637 rum
212 575 369 652 Vitarum
387 577 569 644 secundum
584 574 626 638 ad
641 597 677 641 se
691 578 841 660 rapient,
856 601 942 665 >quse
964 582 1026 646 hac
1046 581 1129 645 item
1148 599 1213 669 ιιι-,-

118 685 210 738 stare
225 675 439 743 excudentur.
481 675 665 743 Succedunt
678 681 946 743 annotationibus
959 681 999 745 ad
1017 680 1112 746 Dem.
1125 681 1211 755 meis

67 786 72 792 ·
117 772 251 839 indices
272 783 469 864 complures,
490 799 631 863 quorum
644 777 796 862 princeps
818 779 882 842 erit
900 778 1004 842 index
1025 781 1210 865 graecitati!

116 872 412 942 Demosthenicum
434 877 627 964 lrnplebunt
640 878 678 941 hi
693 877 828 942 tertium
842 880 1001 943 volumen
1007 879 1209 964 Apparatus,

116 974 186 1036 nisi
200 978 388 1043 coniectura
399 980 436 1055 ip
451 1000 589 1044 numero
611 980 820 1043 voluminum
833 979 1022 1045 demiendo
1045 993 1150 1061 errat,
1169 982 1208 1061 ,ιι
1223 979 1241 989 ”
1330 1050 1337 1061 ,

113 1093 186 1156 qno
203 1097 271 1139 nou
285 1079 353 1140 labi
370 1079 570 1165 perarduum
590 1091 649 1145 est.
691 1079 910 1145 variantium
923 1080 1103 1145 lectionum
1112 1101 1208 1149 con

115 1196 207 1256 gessa
196 1174 358 1259 'quidem
372 1200 544 1245 enormem
559 1200 729 1258 sosarmo,
760 1201 876 1245 rernm
891 1191 959 1242 tam
980 1193 1058 1243 snnt
1071 1183 1207 1271 pterea

117 1299 184 1360 qua
211 1276 326 1351 futiles
348 1291 384 1342 et
406 1281 496 1363 typis
514 1268 688 1396 indignae,
711 1298 827 1361 merae
845 1280 1053 1345 librariorum
1063 1279 1207 1369 haluci-

112 1379 271 1442 nationes
292 1380 365 1444 sive
393 1381 624 1464 imperitorum
650 1379 725 1446 site
753 1381 981 1460 oscitantium,
1013 1393 1051 1444 ut
1070 1394 1205 1473 prorsus

115 1479 377 1562 supprimendas
403 1491 502 1564 atque
533 1478 761 1544 excludendae
786 1479 962 1543 rideantur
990 1501 1064 1544 eum
1084 1498 1205 1564 operae

115 1580 369 1667 chartarumque
383 1580 589 1666 compendio,
605 1603 712 1665 neque
729 1582 795 1644 nisi
809 1600 944 1669 paoem,
963 1583 1052 1645 lectu
1067 1566 1204 1671 elpen-

113 1679 217 1744 sitatu
228 1679 359 1762 dignae,
380 1680 609 1799 proferendae.
652 1681 719 1744 Uni
739 1676 999 1745 Demostheni
972 1701 1002 1746 sn
1016 1693 1086 1744 tota
1101 1700 1204 1759 Ιιιιιιι.-

23 1817 29 1827 -
110 1792 148 1843 te
176 1793 314 1867 totoque
345 1781 457 1846 auimo
483 1784 602 1845 iacere
607 1802 684 1867 per
706 1781 850 1846 rationes
878 1802 1007 1862 rerum,
1048 1782 1085 1845 in
1141 1798 1203 1895 uap
1316 1778 1319 1782 ’

110 1903 169 1945 rna
196 1901 268 1945 sors
292 1904 368 1949 mea
391 1883 571 1963 contrusit,
599 1879 741 1962 liceret,
761 1883 875 1946 nulius
892 1880 1047 1968 equidem
1072 1800 1201 1973 dediti,
1265 1895 1268 1903 ·

111 1983 283 2046 exiturum
311 2004 385 2049 essa
415 2003 512 2070 opus
524 1983 711 2069 aliquanto,
747 2003 846 2068 quam
869 1985 933 2047 hoc
956 1994 1023 2062 est,
1043 1968 1202 2071 limatius·

17 2092 23 2099 '
112 2081 308 2181 Caeterum,
330 2085 408 2170 quia
420 2105 521 2170 saepe
534 2104 673 2147 numero
691 2084 823 2148 nostrae
838 2083 973 2179 spontis
986 2102 1062 2161 non
1075 2098 1201 2173 sumus

87 2269 89 2273 ,
110 2182 198 2248 ed
186 2206 224 2247 ιιι
240 2174 405 2268 potestate
424 2189 580 2273 latorum,
609 2203 693 2269 quae
708 2185 862 2263 volentes
883 2174 1027 2264 danunt,
1047 2183 1201 2265 nolemep

108 2286 269 2364 trahunt,
288 2304 389 2369 saepe
405 2296 536 2351 tantum
549 2305 617 2348 uon
628 2285 817 2351 inconsulta
835 2298 870 2348 et
883 2285 1013 2391 iniqua,
1035 2280 1105 2369 (rae
1119 2283 1201 2367 qui-

109 2383 189 2447 dem
216 2407 291 2451 eum
319 2383 376 2449 diu
397 2386 520 2449 sissent
544 2405 651 2470 paene
678 2406 820 2449 vacuum
847 2397 955 2466 stare,
988 2407 1057 2449 non
1079 2394 1200 2467 natnpu

105 2487 280 2566 ignarum,
302 2482 363 2549 sed
382 2483 538 2571 cupidum
555 2484 639 2550 adeo
659 2487 783 2565 laboris
803 2505 987 2570 operasque
1005 2482 1199 2570 poscentem
1246 2480 1249 2484 ’

104 2588 366 2671 praeterisseutq
386 2584 609 2655 namdudum
622 2587 811 2651 occasiones
834 2584 954 2651 edendi
977 2584 1117 2651 Graecos
1135 2605 1199 2649 au·-

106 2699 216 2749 ctores
237 2690 359 2752 frustra
373 2686 668 2772 circumspexeram
688 2688 842 2772 rotisque
863 2686 1118 2771 arcessitorem
1136 2687 1198 2769 sub

105 2805 284 2870 vesperam
299 2786 450 2866 demum,
478 2788 560 2850 hora
576 2787 766 2864 undecima,
795 2788 831 2867 in
851 2786 985 2851 tineam
1003 2787 1199 2864 ablegarunt

107 2887 208 2970 plura
223 2888 319 2950 simul
331 2885 459 2971 agenda
469 2880 662 2970 mandentia
671 2893 695 2963 a)
714 2901 868 2968 rogovos
888 2884 1050 2947 maiorem
1063 2887 1103 2946 iu
1117 2904 1198 2947 mo*

106 2983 346 3066 dum,Augsra'
357 2982 651 3065 humanissime,et
670 2974 830 3069 quotquot
846 2973 937 3046 eritis
950 2985 1080 3069 opellae
1095 2983 1196 3046 huius

106 3106 205 3148 meae
223 3087 354 3164 arbitri,
377 3098 415 3148 ut
435 3087 645 3149 festinationi
663 3099 697 3150 et
717 3083 930 3168 trepidationi
949 3104 1061 3162 meaa,
1089 3085 1196 3146 muita

106 3169 206 3248 cruda
234 3197 268 3249 et
287 3206 387 3272 saepe
413 3205 507 3247 coeca
539 3207 559 3247 a
579 3207 635 3250 me
663 3185 893 3268 extorquenti,
931 3185 1195 3269 aequibonique

102 3287 299 3368 ignoscatis,
328 3289 512 3354 voluntatis
531 3306 627 3361 meae
657 3286 751 3359 vobis
772 3285 935 3368 inservire
964 3283 1195 3349 contendentis

103 3399 292 3468 memores,
325 3388 493 3471 probanda
521 3387 551 3450 si
581 3387 818 3473 quassantia
839 3387 969 3472 scriptis
993 3386 1094 3466 meis,
1118 3409 1193 3452 oum

108 3491 393 3568 congratulatione
405 3487 601 3572 suscipiatis,
622 3488 730 3571 iisque
739 3486 811 3550 sine
823 3488 1026 3567 malignitate
1040 3489 1192 3563 utamini,

103 3590 219 3670 lapsus
246 3609 359 3668 meos,
395 3599 433 3651 ut
455 3608 577 3672 aequos
597 3589 825 3670 humanosque
847 3585 958 3666 decet,
988 3608 1061 3651 eum
1080 3589 1191 3665 renis,

102 3684 369 3752 dissimulatione
384 3701 482 3773 atque
493 3688 628 3751 silentio
647 3688 888 3765 transmittatis,
910 3701 977 3767 aut,
998 3689 1102 3751 sicubi
1125 3707 1193 3750 ne-

104 3806 197 3849 cesse
209 3792 299 3850 sactu
312 3787 482 3862 videatur,
512 3787 608 3852 molli
629 3800 663 3852 et
686 3788 827 3868 benigna
847 3790 1103 3870 reprehensione
1124 3809 1193 3849 no-
1215 3854 1218 3861 ,

104 3888 201 3964 tetis,
231 3886 376 3971 donique
396 3889 438 3951 iis
456 3887 565 3952 modis
585 3908 639 3951 me
661 3888 846 3973 arripiatis,
873 3890 990 3975 quibus
1015 3907 1075 3967 ego
1096 3890 1189 3951 soleo

103 3983 288 4067 Wolfium,
318 3986 516 4069 Taylorum,
551 3987 775 4074 Stephanum,
813 3988 966 4065 Portum,
1002 3985 1188 4072 (hominem

100 4086 239 4166 flagello
252 4108 359 4174 paene
374 4087 581 4172 indignum)
601 4089 683 4152 item
693 4088 880 4171 Bryanum‚
904 4089 1081 4168 Solanum,
1104 4091 1188 4152 alios

97 4187 247 4268 habere;
273 4208 354 4273 quos
376 4189 500 4275 passim
518 4193 666 4256 locorum
685 4190 874 4278 turpissime
895 4202 1029 4254 ruentes
1051 4209 1189 4255 cernens
