2768 4724
64 290 66 295 ,
148 244 212 320 μω
493 221 878 303 annorsmonas

153 408 254 471 Malim
268 406 387 488 quidem
400 404 508 494 ὄάδων
521 407 610 471 leven
654 407 711 468 Sed
727 418 757 469 et
768 407 801 468 id
813 416 883 468 unte
896 407 1026 488 positum
1041 415 1097 484 est,
1121 417 1152 469 et
1164 427 1244 489 quo-

154 512 274 573 cunque
293 503 323 554 ts
342 504 515 569 convertas,
548 494 632 553 nulla
651 494 700 552 via
721 493 800 552 bona
826 501 879 552 est.
921 493 1020 551 Locus
1036 493 1158 552 videtur
1174 514 1245 553 coi*-

135 587 263 657 neptus
271 620 280 649 ,
301 587 441 639 etvatem
455 577 660 657 potiusquam
680 581 873 656 interpretem
889 577 1051 656 postulare.
1093 577 1247 658 Principio

156 663 380 727 aie-verteram:
401 664 446 723 Eo
460 670 557 721 autem
573 663 641 721 anni
655 672 811 740 tempore,
833 680 902 719 cum
916 669 945 719 et
959 662 1108 741 appellere
1127 663 1167 721 ad
1183 672 1246 735 ter-

61 775 66 786 ·
155 746 396 820 sensisibus,
425 755 456 806 et
474 748 602 806 eventia
620 745 852 825 uibilpericuli,
885 744 924 802 ad
938 746 1033 823 ipsam
1051 747 1202 822 regionem
1216 756 1246 807 et
1319 802 1321 806 .

95 838 102 857 '
140 827 343 903 'mercatuum
363 829 460 889 aditus
487 832 573 890 facile
597 830 704 890 milites
727 826 920 903 accedent*)
968 827 1245 910 Hegendorphinns,

158 934 195 975 ac
208 914 310 994 potius
322 914 534 974 blelanchtlron
546 913 789 993 Hegendorphini
804 914 923 972 nomine
931 956 940 985 ,
968 912 1014 970 sic
1024 912 1246 993 interpretatur,

156 999 299 1075 neglectis
312 1000 426 1059 verbis:
461 999 734 1079 annitempestates
747 1007 777 1057 et
791 997 938 1063 secundos
959 1007 1066 1057 ventos
1087 1006 1119 1059 et
1138 1001 1247 1077 omnia,

100 1146 104 1153 ,
158 1083 268 1164 quibus
286 1103 362 1162 opus
382 1083 454 1158 erit,
485 1082 659 1163 providebit
672 1085 845 1161 imperator.
884 1082 970 1142 Alius
991 1082 1114 1160 quidam
1133 1104 1249 1163 anony-
1320 1114 1323 1126 ·

159 1166 240 1229 inus:
270 1177 302 1227 et
320 1168 408 1228 facile
420 1168 478 1227 erit
495 1168 656 1228 observare
676 1169 746 1227 anni
759 1176 895 1246 tempus,
926 1167 957 1225 in
979 1186 1039 1244 quo
1052 1187 1114 1226 non
1127 1169 1248 1230 difficile

160 1260 271 1327 tetum
285 1253 446 1330 attingere,
468 1252 613 1313 stridere
631 1262 790 1312 ventorum
810 1246 1008 1311 constantiani
1028 1250 1109 1310 circa
1123 1254 1248 1314 eandem

149 1337 312 1421 ‘regionem
332 1346 362 1396 et
382 1337 462 1397 eirca
484 1337 559 1396 ostia
577 1336 734 1396 civitatum
753 1337 903 1396 abnuere.
958 1335 1068 1396 Paulus
1088 1336 1248 1412 Manutius,

161 1420 210 1480 vir
224 1419 330 1478 doctus
345 1429 375 1480 et
389 1420 535 1497 disertus,
558 1440 646 1500 quem
656 1420 781 1480 honeris
794 1439 884 1478 cause
899 1419 1035 1494 nomino,
1056 1429 1093 1478 ut
1109 1432 1249 1498 meretur,
1323 1439 1327 1448 ’

160 1503 244 1569 bunc
258 1504 359 1565 locum
367 1547 376 1579 ,
390 1505 431 1581 ,si
447 1525 507 1565 non
524 1524 610 1581 vere,
637 1507 797 1585 perspicue
812 1514 894 1565 certe
912 1513 941 1563 et
955 1504 1102 1581 eleganter
1116 1515 1251 1567 transtu·

161 1586 199 1652 lit
208 1585 269 1648 hoc
284 1587 387 1648 modo:
408 1589 451 1648 De
464 1589 532 1647 anisi
551 1609 625 1648 vero
641 1599 791 1668 tempore,
813 1608 883 1649 cum
897 1588 1012 1647 scilicet
1025 1589 1065 1647 ad
1083 1599 1194 1650 terram
1213 1592 1252 1651 li-

163 1680 231 1735 ceat
244 1672 401 1749 accedere,
423 1682 477 1733 aut
491 1673 598 1757 quibus
613 1674 708 1732 ventis
723 1675 819 1754 ipsam
836 1675 987 1751 regionem
1006 1682 1037 1733 et
1050 1676 1252 1753 emporiorum

82 1831 87 1839 ι
164 1756 239 1818 ostia
253 1765 355 1837 petere
368 1759 408 1817 ait
420 1766 527 1834 tutum,
548 1778 609 1817 non
622 1756 750 1817 difficilis
764 1757 819 1817 erit
832 1757 1060 1816 animadversio.
1101 1758 1254 1821 Pertinsnt

162 1838 239 1901 haec
252 1840 291 1900 ad
305 1861 387 1917 eum,
411 1861 499 1919 quem
515 1862 570 1904 vos
584 1843 728 1902 exercitui
743 1840 965 1923 praefeceritis:
988 1842 1041 1921 qui
1060 1852 1090 1902 et
1112 1841 1150 1902 de
1168 1865 1202 1905 re
1224 1855 1254 1905 et

164 1925 202 1986 de
215 1935 351 2004 tempore
365 1926 521 1987 consilium
535 1946 573 1986 ex
585 1927 740 1986 occasione
752 1926 859 2006 capiet.
909 1928 990 2003 Ego,
1012 1946 1089 2004 quae
1101 1945 1155 1986 voe
1167 1948 1254 2005 agere

165 2018 318 2089 oporteat,
341 2011 475 2089 exposui.
518 2010 654 2073 Afferant
672 2012 741 2087 elii,
767 2032 815 2070 me
835 2013 953 2071 volente
966 2020 995 2069 et
1008 2012 1164 2089 cupiente,
1192 2033 1252 2073 rne-

164 2093 241 2155 liore
252 2104 282 2153 et
295 2095 431 2155 certiore.
472 2097 534 2173 Ego
547 2115 642 2156 meam
651 2095 865 2156 dubitationem
881 2116 916 2154 ac
926 2095 1027 2175 potius
1040 2097 1255 2172 ignorationem

164 2179 293 2256 ingenue
308 2178 462 2239 confiteor.
483 2198 582 2240 aroer.
606 2176 662 2260 τὴν
673 2172 699 2243 d’
712 2175 794 2260 ὅρων
806 2184 864 2242 τοῦ
876 2180 963 2252 drove
978 2174 1198 2241 eoliaeretcum
1207 2181 1259 2240 in-·

166 2272 310 2342 sequente
323 2264 435 2342 ῥᾳδίως
452 2263 533 2327 ἔσται
545 2283 637 2324 versu
650 2269 679 2328 9.
700 2267 781 2325 unde
797 2274 932 2340 constat,
961 2265 1063 2323 deesse
1074 2264 1137 2324 sive
1157 2271 1257 2344 τηρεῖν

166 2347 216 2407 vel
231 2347 396 2426 ἐπιτηρεῖν,
417 2348 481 2408 sive
496 2351 669 2430 διαγνῶναι.
678 2347 782 2435 focile
793 2348 889 2435 saeta
900 2346 983 2407 vodis
997 2350 1073 2422 erit,
1095 2362 1129 2407 at
1143 2363 1256 2430 ternpo-

167 2444 270 2492 cessem
286 2432 358 2489 anni
381 2447 575 2513 opportunam
590 2430 793 2515 exsequendae
811 2431 880 2491 duic
899 2429 1083 2512 expeditioni
1102 2430 1257 2493 observetis

167 2515 219 2575 vel
234 2512 415 2575 discernatis.
435 2536 533 2578 μενων.
567 2518 617 2580 καὶ
635 2512 669 2580 cd
688 2520 749 2579 τῶν
771 2513 952 2596 πνευμάτων
977 2509 1108 2594 depelle
1138 2518 1257 2595 euplica
1359 2556 1362 2564 -

169 2596 339 2679 supplendo
356 2599 407 2662 sod
422 2597 471 2665 ὅτε
484 2598 518 2665 ed
529 2606 589 2665 cair
607 2595 787 2678 πνευμάτων
807 2593 940 2680 depelle
960 2598 1035 2675 ἐστι,
1065 2620 1141 2679 quae
1154 2603 1258 2660 ultima

167 2683 342 2743 vexetiam
364 2683 567 2745 subaudienda
589 2686 692 2745 estad
713 2680 836 2770 ῥᾴδιον,
873 2684 955 2762 quod
972 2684 1145 2764 praecessit.
1188 2688 1259 2747 Post

162 2766 193 2847 ὅ
215 2768 288 2840 dioc
314 2766 396 2832 ἔσται
417 2770 569 2830 evidenter
592 2771 676 2830 deest
695 2771 821 2828 verbum
844 2769 966 2847 aliquod
993 2770 1033 2828 ad
1053 2770 1260 2848 complendam

169 2791 312 2931 pbrasim.
347 2848 418 2930 'Ego
432 2875 493 2913 non
509 2855 645 2914 dubitavi
668 2855 795 2913 adiicere
817 2875 855 2911 ex
875 2874 941 2912 meo
966 2854 1144 2934 διαγνῶναι,
1158 2852 1262 2939 facile

169 2933 270 2996 licebit
284 2933 461 3016 dignoscere.
480 2960 588 2998 socna.
631 2938 789 3018 Adscriptd
809 2937 939 2998 Bckkeri
959 2938 1104 3011 lectione,
1126 2939 1261 3017 Brennus

171 3019 224 3095 „si
247 3019 326 3078 hanc
345 3022 524 3082 lectionem“
545 3024 646 3102 inquit
674 3023 795 3101 „aliquo
824 3021 915 3081 modo
946 3022 1096 3101 explicare
1124 3024 1261 3098 velimus,

82 3152 85 3157 .
163 3098 227 3183 τὴν
242 3097 324 3182 ὥραν
345 3108 402 3167 τοῦ
419 3106 505 3180 ἔτους
524 3110 582 3167 erit
601 3107 789 3166 accusativus
801 3107 962 3186 temporis:
994 3129 1048 3187 per
1067 3120 1262 3186 opportunum

171 3188 245 3246 enni
259 3202 387 3268 tempus,
409 3189 489 3252 ἔσται
508 3193 528 3251 i.
553 3213 580 3269 q.
597 3191 722 3266 ἐξέσται·
746 3190 944 3270 supplendum
965 3211 1003 3249 ex
1017 3189 1262 3250 antecedentibus

172 3273 305 3365 periodon
326 3277 364 3356 τῇ
386 3269 526 3354 δυνάμει,
539 3273 642 3360 facile
655 3234 728 3335 liced

171 3377 267 3436 χωρᾳ,
288 3357 399 3437 inipso
413 3362 541 3438 regione,
563 3374 647 3418 serra.
689 3359 749 3417 Sed
762 3360 862 3418 nescio
878 3379 917 3416 an
931 3359 1015 3416 locus
1029 3357 1069 3415 sit
1083 3369 1263 3438 corruptus,

174 3439 315 3511 codicum
336 3450 434 3500 tamen
451 3443 595 3501 medelam
619 3443 839 3522 expectaverim
861 3443 979 3520 potius,
1006 3445 1266 3520 quamconieetu-

173 3525 261 3583 ree.“
304 3523 437 3602 Denique
448 3527 627 3605 Forbigerus
645 3548 675 3606 p.
700 3529 748 3592 15.
771 3527 955 3586 Prolusionis
971 3528 1079 3586 citatae
1099 3527 1138 3585 ad
1159 3548 1190 3606 p.
1212 3534 1264 3604 28,

176 3609 225 3674 15.
248 3617 318 3685 post
333 3609 446 3686 όμὸίως
456 3611 535 3673 ἔσται
548 3613 719 3690 suspicatur
734 3606 880 3671 excidisse
892 3606 1058 3692 άναμάνειν.
1080 3625 1191 3692 tempus
1205 3634 1267 3669 na-

175 3693 320 3773 oa'gationi
339 3707 532 3773 opportunum
550 3716 642 3778 prope
664 3693 706 3755 cd
724 3710 830 3757 terrem
848 3709 875 3755 et
899 3692 941 3756 cd
959 3697 1090 3779 emporia
1112 3697 1266 3757 maritima

175 3832 382 3853 m

245 3941 271 4010 *)
288 3942 365 3995 Hanc
390 3942 527 3998 renonem
550 3931 689 4000 Bellona
709 3945 820 4000 videtin
842 3948 973 4017 probasse
997 3946 1093 3998 locum
1116 3945 1156 3998 sic
1181 3946 1268 3998 inter·

278 4018 414 4080 punctum
431 4012 512 4067 dens:
530 4010 582 4069 τ“ν
598 4011 622 4069 δ’
636 4013 712 4083 ὅρων
726 4019 779 4070 τοῦ
792 4014 887 4083 ἔτους,
916 4009 963 4070 ὅτε
983 4013 1031 4069 καὶ
1047 4011 1117 4083 πρὸς
1130 4017 1164 4086 τῇ
1177 4017 1212 4084 γῇ
1226 4033 1268 4082 γε·
1295 4016 1298 4021 '

279 4076 380 4133 νὲυθαι
398 4079 500 4155 ῥᾴδιον
514 4036 563 4139 sci
584 4081 616 4138 ad
634 4087 690 4139 acio
708 4081 874 4152 πνευμάτων
891 4079 925 4138 do
950 4081 1025 4150 cie'c,
1055 4082 1125 4152 πρὸς
1144 4081 1218 4151 αὐτῆ
1234 4086 1268 4153 τῇ

168 4158 171 4163 “
280 4145 356 4219 χώρᾳ
369 4150 417 4204 καὶ
428 4148 498 4219 πρὸς
510 4157 570 4214 τοῖς
583 4155 640 4207 τῶν
653 4151 792 4221 ἐμπορίων
799 4149 915 4220 στόμασι
920 4103 1029 4278 ἷᾳδίως
1049 4151 1133 4207 ἔσται.
1151 4138 1269 4228 Eodem-

280 4219 595 4294 quemcdoltddigerus,
614 4221 835 4291 φείῶνετεοιὶῑε
853 4220 909 4291 „ed
934 4217 1271 4294 eamintefl.r‘1elsirapuc.“

279 4300 429 4343 lm

730 3277 753 3333 it
773 3272 819 3334 Ιιίε
840 3276 933 3356 copiis
945 3276 1006 3349 uti,
1040 3269 1210 3357 πρός-ωάτῇ
1225 3282 1264 3359 τῇ
1356 3304 1362 3311 ·
