<?xml version="1.0" encoding="UTF-8"?>
<!DOCTYPE html PUBLIC "-//W3C//DTD XHTML 1.0 Transitional//EN"
    "http://www.w3.org/TR/xhtml1/DTD/xhtml1-transitional.dtd">
<html xmlns="http://www.w3.org/1999/xhtml" xml:lang="en" lang="en">
 <head>
  <title>
</title>
<meta http-equiv="Content-Type" content="text/html;charset=utf-8" />
  <meta name='ocr-system' content='tesseract 3.04.00' />
  <meta name='ocr-capabilities' content='ocr_page ocr_carea ocr_par ocr_line ocrx_word'/>
</head>
<body>
  <div class='ocr_page' id='page_1' title='image "./demosthenisquae07schgoog_0020.png"; bbox 0 0 2768 4724; ppageno 0'>
   <div class='ocr_carea' id='block_1_1' title="bbox 374 170 1201 280">
    <p class='ocr_par' dir='ltr' id='par_1_1' title="bbox 374 170 1201 280">
     <span class='ocr_line' id='line_1_1' title="bbox 374 170 1201 280; baseline -0.004 0"><span class='ocrx_word' id='word_1_1' title='bbox 374 170 924 280; x_wconf 54' lang='lat' dir='ltr'>&#39;sa&#39;onnosruen-nn&#39;</span> <span class='ocrx_word' id='word_1_2' title='bbox 946 248 952 259; x_wconf 77' lang='lat'>,</span> <span class='ocrx_word' id='word_1_3' title='bbox 1129 204 1201 279; x_wconf 52' lang='lat' dir='ltr'>*n</span> 
     </span>
    </p>
   </div>
   <div class='ocr_carea' id='block_1_2' title="bbox 172 375 1079 459">
    <p class='ocr_par' dir='ltr' id='par_1_2' title="bbox 172 375 1079 459">
     <span class='ocr_line' id='line_1_2' title="bbox 172 375 1079 459; baseline -0.007 0"><span class='ocrx_word' id='word_1_4' title='bbox 172 400 176 406; x_wconf 83' lang='lat'>&#39;</span> <span class='ocrx_word' id='word_1_5' title='bbox 241 375 1079 459; x_wconf 76' lang='lat' dir='ltr'>10.·BERN.-FEL101AN1</span> 
     </span>
    </p>
   </div>
   <div class='ocr_carea' id='block_1_3' title="bbox 167 506 1187 583">
    <p class='ocr_par' dir='ltr' id='par_1_3' title="bbox 167 506 1187 583">
     <span class='ocr_line' id='line_1_3' title="bbox 167 506 1187 583; baseline -0.005 0"><span class='ocrx_word' id='word_1_6' title='bbox 167 510 536 583; x_wconf 71' lang='lat' dir='ltr'>Pnnurmonns</span> <span class='ocrx_word' id='word_1_7' title='bbox 559 506 765 574; x_wconf 71' lang='lat' dir='ltr'>Assume</span> <span class='ocrx_word' id='word_1_8' title='bbox 786 512 1151 578; x_wconf 78' lang='lat' dir='ltr'><strong>DEMOSTHENEM.</strong></span> <span class='ocrx_word' id='word_1_9' title='bbox 1183 516 1187 525; x_wconf 86' lang='lat'>&#39;</span> 
     </span>
    </p>
   </div>
   <div class='ocr_carea' id='block_1_4' title="bbox 12 610 1201 923">
    <p class='ocr_par' dir='ltr' id='par_1_4' title="bbox 12 610 1201 923">
     <span class='ocr_line' id='line_1_4' title="bbox 12 610 1201 724; baseline -0.008 -20"><span class='ocrx_word' id='word_1_10' title='bbox 12 672 13 677; x_wconf 20' lang='grc' dir='ltr'><strong><em>κ</em></strong></span> <span class='ocrx_word' id='word_1_11' title='bbox 106 638 335 702; x_wconf 73' lang='lat' dir='ltr'>inensam</span> <span class='ocrx_word' id='word_1_12' title='bbox 361 610 728 724; x_wconf 68' lang='lat' dir='ltr'>scneiennnno</span> <span class='ocrx_word' id='word_1_13' title='bbox 757 621 936 691; x_wconf 75' lang='lat' dir='ltr'>nessei</span> <span class='ocrx_word' id='word_1_14' title='bbox 956 634 1097 696; x_wconf 79' lang='lat' dir='ltr'>orvsa</span> <span class='ocrx_word' id='word_1_15' title='bbox 1125 626 1201 711; x_wconf 77' lang='lat' dir='ltr'>ut·</span> 
     </span>
     <span class='ocr_line' id='line_1_5' title="bbox 105 726 1201 828; baseline -0.005 -25"><span class='ocrx_word' id='word_1_16' title='bbox 105 742 221 802; x_wconf 73' lang='lat' dir='ltr'>nun</span> <span class='ocrx_word' id='word_1_17' title='bbox 250 734 590 821; x_wconf 69' lang='lat' dir='ltr'>vinolentae</span> <span class='ocrx_word' id='word_1_18' title='bbox 618 726 888 828; x_wconf 77' lang='lat' dir='ltr'>snnncrsco</span> <span class='ocrx_word' id='word_1_19' title='bbox 912 728 1201 819; x_wconf 14' lang='lat' dir='ltr'>ssonflarsno</span> 
     </span>
     <span class='ocr_line' id='line_1_6' title="bbox 261 824 1072 923; baseline -0.01 -24"><span class='ocrx_word' id='word_1_20' title='bbox 261 838 344 923; x_wconf 82' lang='lat'>¹10.</span> <span class='ocrx_word' id='word_1_21' title='bbox 365 824 953 917; x_wconf 69' lang='lat' dir='ltr'>annulinusrnmclsnus</span> <span class='ocrx_word' id='word_1_22' title='bbox 997 837 1026 894; x_wconf 80' lang='lat' dir='ltr'>s,</span> <span class='ocrx_word' id='word_1_23' title='bbox 1066 850 1072 856; x_wconf 98' lang='lat'>·</span> 
     </span>
    </p>
   </div>
   <div class='ocr_carea' id='block_1_5' title="bbox 106 950 1256 1657">
    <p class='ocr_par' dir='ltr' id='par_1_5' title="bbox 106 950 1256 1657">
     <span class='ocr_line' id='line_1_7' title="bbox 174 950 1200 1059; baseline -0.001 -21"><span class='ocrx_word' id='word_1_24' title='bbox 174 979 251 1037; x_wconf 88' lang='lat' dir='ltr'>Cum</span> <span class='ocrx_word' id='word_1_25' title='bbox 274 950 482 1054; x_wconf 84' lang='lat' dir='ltr'>superioribus</span> <span class='ocrx_word' id='word_1_26' title='bbox 502 970 625 1043; x_wconf 86' lang='lat' dir='ltr'>diebus,</span> <span class='ocrx_word' id='word_1_27' title='bbox 643 969 755 1059; x_wconf 54' lang='grc' dir='ltr'>ΛΜΨ</span> <span class='ocrx_word' id='word_1_28' title='bbox 777 951 963 1042; x_wconf 72' lang='lat' dir='ltr'>clarissime,</span> <span class='ocrx_word' id='word_1_29' title='bbox 986 969 1200 1054; x_wconf 80' lang='lat' dir='ltr'>Demosthenis,</span> 
     </span>
     <span class='ocr_line' id='line_1_8' title="bbox 107 1071 1203 1151; baseline -0.007 -12"><span class='ocrx_word' id='word_1_30' title='bbox 107 1088 265 1140; x_wconf 78' lang='lat' dir='ltr'>oratorum</span> <span class='ocrx_word' id='word_1_31' title='bbox 281 1074 413 1149; x_wconf 79' lang='lat' dir='ltr'>omniurn</span> <span class='ocrx_word' id='word_1_32' title='bbox 426 1074 513 1133; x_wconf 83' lang='lat' dir='ltr'>facile</span> <span class='ocrx_word' id='word_1_33' title='bbox 533 1072 689 1151; x_wconf 87' lang='lat' dir='ltr'>principis,</span> <span class='ocrx_word' id='word_1_34' title='bbox 712 1071 860 1130; x_wconf 86' lang='lat' dir='ltr'>orationes</span> <span class='ocrx_word' id='word_1_35' title='bbox 876 1071 1009 1137; x_wconf 83' lang='lat' dir='ltr'>collectis</span> <span class='ocrx_word' id='word_1_36' title='bbox 1024 1073 1203 1150; x_wconf 69' lang='lat' dir='ltr'>qsubusslam</span> 
     </span>
     <span class='ocr_line' id='line_1_9' title="bbox 108 1156 1204 1258; baseline -0.007 -18"><span class='ocrx_word' id='word_1_37' title='bbox 108 1180 243 1258; x_wconf 82' lang='lat' dir='ltr'>antiquis</span> <span class='ocrx_word' id='word_1_38' title='bbox 266 1176 421 1236; x_wconf 72' lang='lat' dir='ltr'><strong>codicibus</strong></span> <span class='ocrx_word' id='word_1_39' title='bbox 440 1156 702 1249; x_wconf 66' lang='lat' dir='ltr'>recognoscendus¹</span> <span class='ocrx_word' id='word_1_40' title='bbox 714 1173 918 1250; x_wconf 71' lang='lat' dir='ltr'>suscepissem,</span> <span class='ocrx_word' id='word_1_41' title='bbox 947 1192 1007 1250; x_wconf 88' lang='lat' dir='ltr'>quo</span> <span class='ocrx_word' id='word_1_42' title='bbox 1027 1173 1066 1233; x_wconf 85' lang='lat' dir='ltr'>sd</span> <span class='ocrx_word' id='word_1_43' title='bbox 1086 1177 1204 1241; x_wconf 80' lang='lat' dir='ltr'>studio,-</span> 
     </span>
     <span class='ocr_line' id='line_1_10' title="bbox 106 1273 1203 1352; baseline -0.005 -11"><span class='ocrx_word' id='word_1_44' title='bbox 106 1301 214 1341; x_wconf 88' lang='lat' dir='ltr'>sorum</span> <span class='ocrx_word' id='word_1_45' title='bbox 229 1278 401 1343; x_wconf 82' lang='lat' dir='ltr'>,utilitatem</span> <span class='ocrx_word' id='word_1_46' title='bbox 417 1276 620 1352; x_wconf 78' lang='lat' dir='ltr'>castigatiores</span> <span class='ocrx_word' id='word_1_47' title='bbox 632 1273 818 1351; x_wconf 84' lang='lat' dir='ltr'>aliquantulo</span> <span class='ocrx_word' id='word_1_48' title='bbox 834 1273 1061 1349; x_wconf 78' lang='lat' dir='ltr'>excuderentur,</span> <span class='ocrx_word' id='word_1_49' title='bbox 1083 1280 1203 1339; x_wconf 81' lang='lat' dir='ltr'>merniai</span> 
     </span>
     <span class='ocr_line' id='line_1_11' title="bbox 110 1373 1204 1462; baseline -0.005 -22"><span class='ocrx_word' id='word_1_50' title='bbox 110 1403 151 1443; x_wconf 77' lang='lat' dir='ltr'>ex</span> <span class='ocrx_word' id='word_1_51' title='bbox 163 1393 194 1442; x_wconf 86' lang='lat' dir='ltr'>ts</span> <span class='ocrx_word' id='word_1_52' title='bbox 210 1378 370 1453; x_wconf 83' lang='lat' dir='ltr'>audivisse,</span> <span class='ocrx_word' id='word_1_53' title='bbox 395 1397 463 1436; x_wconf 87' lang='lat' dir='ltr'>cum</span> <span class='ocrx_word' id='word_1_54' title='bbox 476 1376 613 1437; x_wconf 83' lang='lat' dir='ltr'>nonnulli</span> <span class='ocrx_word' id='word_1_55' title='bbox 630 1376 719 1462; x_wconf 76' lang='lat' dir='ltr'>&lt;loeti</span> <span class='ocrx_word' id='word_1_56' title='bbox 729 1375 789 1433; x_wconf 82' lang='lat' dir='ltr'>viri</span> <span class='ocrx_word' id='word_1_57' title='bbox 803 1373 881 1452; x_wconf 87' lang='lat' dir='ltr'>opud</span> <span class='ocrx_word' id='word_1_58' title='bbox 896 1384 925 1432; x_wconf 91' lang='lat' dir='ltr'>te</span> <span class='ocrx_word' id='word_1_59' title='bbox 946 1386 1053 1451; x_wconf 81' lang='lat' dir='ltr'>essent,</span> <span class='ocrx_word' id='word_1_60' title='bbox 1074 1397 1204 1454; x_wconf 83' lang='lat' dir='ltr'>quorum</span> 
     </span>
     <span class='ocr_line' id='line_1_12' title="bbox 108 1474 1204 1555; baseline 0.001 -14"><span class='ocrx_word' id='word_1_61' title='bbox 108 1481 329 1551; x_wconf 73' lang='lat' dir='ltr'>consuetudine</span> <span class='ocrx_word' id='word_1_62' title='bbox 361 1497 548 1555; x_wconf 87' lang='lat' dir='ltr'>summopore</span> <span class='ocrx_word' id='word_1_63' title='bbox 574 1477 746 1551; x_wconf 78' lang='lat' dir='ltr'>delecteris,</span> <span class='ocrx_word' id='word_1_64' title='bbox 778 1496 815 1535; x_wconf 84' lang='lat' dir='ltr'>ex</span> <span class='ocrx_word' id='word_1_65' title='bbox 836 1474 960 1535; x_wconf 88' lang='lat' dir='ltr'>huiusce</span> <span class='ocrx_word' id='word_1_66' title='bbox 980 1478 1024 1537; x_wconf 85' lang='lat' dir='ltr'>rei</span> <span class='ocrx_word' id='word_1_67' title='bbox 1047 1483 1204 1555; x_wconf 80' lang='lat' dir='ltr'>occasione</span> 
     </span>
     <span class='ocr_line' id='line_1_13' title="bbox 108 1560 1256 1657; baseline -0.003 -14"><span class='ocrx_word' id='word_1_68' title='bbox 108 1603 280 1657; x_wconf 77' lang='lat' dir='ltr'>sennonem</span> <span class='ocrx_word' id='word_1_69' title='bbox 307 1581 345 1640; x_wconf 88' lang='lat' dir='ltr'>da</span> <span class='ocrx_word' id='word_1_70' title='bbox 364 1577 535 1656; x_wconf 86' lang='lat' dir='ltr'>eloquentia</span> <span class='ocrx_word' id='word_1_71' title='bbox 557 1560 709 1652; x_wconf 87' lang='lat' dir='ltr'>incidisse,</span> <span class='ocrx_word' id='word_1_72' title='bbox 731 1577 773 1636; x_wconf 90' lang='lat' dir='ltr'>ita</span> <span class='ocrx_word' id='word_1_73' title='bbox 786 1586 820 1635; x_wconf 93' lang='lat' dir='ltr'>ut</span> <span class='ocrx_word' id='word_1_74' title='bbox 837 1577 886 1643; x_wconf 79' lang='lat' dir='ltr'>elii</span> <span class='ocrx_word' id='word_1_75' title='bbox 899 1597 991 1656; x_wconf 86' lang='lat' dir='ltr'>supra</span> <span class='ocrx_word' id='word_1_76' title='bbox 1005 1581 1126 1641; x_wconf 87' lang='lat' dir='ltr'>modum</span> <span class='ocrx_word' id='word_1_77' title='bbox 1140 1606 1205 1645; x_wconf 85' lang='lat' dir='ltr'>eam</span> <span class='ocrx_word' id='word_1_78' title='bbox 1252 1568 1256 1575; x_wconf 41' lang='lat'><em>¹</em></span> 
     </span>
    </p>
   </div>
   <div class='ocr_carea' id='block_1_6' title="bbox 113 1678 1331 1759">
    <p class='ocr_par' dir='ltr' id='par_1_6' title="bbox 113 1678 1331 1759">
     <span class='ocr_line' id='line_1_14' title="bbox 113 1678 1331 1759; baseline -0.002 -15"><span class='ocrx_word' id='word_1_79' title='bbox 113 1684 304 1757; x_wconf 81' lang='lat' dir='ltr'>extollerent,</span> <span class='ocrx_word' id='word_1_80' title='bbox 327 1681 523 1758; x_wconf 85' lang='lat' dir='ltr'>omnibusque</span> <span class='ocrx_word' id='word_1_81' title='bbox 544 1689 575 1739; x_wconf 89' lang='lat' dir='ltr'>et</span> <span class='ocrx_word' id='word_1_82' title='bbox 589 1679 704 1738; x_wconf 71' lang='lat' dir='ltr'>nabas</span> <span class='ocrx_word' id='word_1_83' title='bbox 719 1689 750 1739; x_wconf 87' lang='lat' dir='ltr'>et</span> <span class='ocrx_word' id='word_1_84' title='bbox 762 1678 892 1739; x_wconf 79' lang='lat' dir='ltr'>scientiis</span> <span class='ocrx_word' id='word_1_85' title='bbox 905 1683 1143 1759; x_wconf 83' lang='lat' dir='ltr'>anteponendam</span> <span class='ocrx_word' id='word_1_86' title='bbox 1155 1706 1205 1747; x_wconf 80' lang='lat' dir='ltr'>ar-</span> <span class='ocrx_word' id='word_1_87' title='bbox 1328 1726 1331 1733; x_wconf 80' lang='lat'><em>·</em></span> 
     </span>
    </p>
   </div>
   <div class='ocr_carea' id='block_1_7' title="bbox 110 1779 1248 1965">
    <p class='ocr_par' dir='ltr' id='par_1_7' title="bbox 110 1779 1248 1965">
     <span class='ocr_line' id='line_1_15' title="bbox 110 1779 1248 1860; baseline -0.005 -15"><span class='ocrx_word' id='word_1_88' title='bbox 110 1785 310 1860; x_wconf 85' lang='lat' dir='ltr'>bitrarentur,</span> <span class='ocrx_word' id='word_1_89' title='bbox 333 1785 388 1845; x_wconf 75' lang='lat' dir='ltr'>ulii</span> <span class='ocrx_word' id='word_1_90' title='bbox 416 1804 478 1842; x_wconf 88' lang='lat' dir='ltr'>non</span> <span class='ocrx_word' id='word_1_91' title='bbox 496 1781 591 1849; x_wconf 78' lang='lat' dir='ltr'>modo</span> <span class='ocrx_word' id='word_1_92' title='bbox 609 1781 644 1839; x_wconf 85' lang='lat' dir='ltr'>id</span> <span class='ocrx_word' id='word_1_93' title='bbox 662 1801 723 1848; x_wconf 85' lang='lat' dir='ltr'>non</span> <span class='ocrx_word' id='word_1_94' title='bbox 743 1779 963 1858; x_wconf 77' lang='lat' dir='ltr'>approbarent,</span> <span class='ocrx_word' id='word_1_95' title='bbox 990 1803 1097 1845; x_wconf 82' lang='lat' dir='ltr'>verum</span> <span class='ocrx_word' id='word_1_96' title='bbox 1115 1783 1205 1848; x_wconf 79' lang='lat' dir='ltr'>etia&#39;m</span> <span class='ocrx_word' id='word_1_97' title='bbox 1246 1800 1248 1805; x_wconf 91' lang='lat'>·</span> 
     </span>
     <span class='ocr_line' id='line_1_16' title="bbox 111 1880 1204 1965; baseline -0.027 3"><span class='ocrx_word' id='word_1_98' title='bbox 111 1907 180 1946; x_wconf 68' lang='lat'><strong>‘⁸¹¹¹</strong></span> <span class='ocrx_word' id='word_1_99' title='bbox 202 1886 418 1965; x_wconf 61' lang='lat' dir='ltr'>Vltul’ffmb</span> <span class='ocrx_word' id='word_1_100' title='bbox 441 1892 471 1943; x_wconf 63' lang='lat' dir='ltr'>‘t</span> <span class='ocrx_word' id='word_1_101' title='bbox 494 1892 532 1953; x_wconf 71' lang='lat'>¹¹1.</span> <span class='ocrx_word' id='word_1_102' title='bbox 545 1891 714 1960; x_wconf 71' lang='lat' dir='ltr'>suspectam</span> <span class='ocrx_word' id='word_1_103' title='bbox 737 1880 888 1943; x_wconf 61' lang='lat' dir='ltr'>mannan</span> <span class='ocrx_word' id='word_1_104' title='bbox 908 1884 1026 1943; x_wconf 66' lang='lat' dir='ltr'>omuino</span> <span class='ocrx_word' id='word_1_105' title='bbox 1041 1897 1204 1949; x_wconf 66' lang='lat' dir='ltr'>censerent,</span> 
     </span>
    </p>
   </div>
   <div class='ocr_carea' id='block_1_8' title="bbox 45 1981 1310 2059">
    <p class='ocr_par' dir='ltr' id='par_1_8' title="bbox 45 1981 1310 2059">
     <span class='ocr_line' id='line_1_17' title="bbox 45 1981 1310 2059; baseline 0.008 -15"><span class='ocrx_word' id='word_1_106' title='bbox 45 2019 48 2023; x_wconf 54' lang='lat'>&lt;</span> <span class='ocrx_word' id='word_1_107' title='bbox 109 1986 149 2046; x_wconf 84' lang='lat' dir='ltr'>ld</span> <span class='ocrx_word' id='word_1_108' title='bbox 161 1996 260 2045; x_wconf 84' lang='lat' dir='ltr'>antem</span> <span class='ocrx_word' id='word_1_109' title='bbox 273 1986 347 2044; x_wconf 89' lang='lat' dir='ltr'>licet</span> <span class='ocrx_word' id='word_1_110' title='bbox 366 1984 541 2059; x_wconf 49' lang='lat' dir='ltr'>boarium,</span> <span class='ocrx_word' id='word_1_111' title='bbox 561 2003 676 2043; x_wconf 86' lang='lat' dir='ltr'>novum</span> <span class='ocrx_word' id='word_1_112' title='bbox 699 1992 798 2041; x_wconf 81' lang='lat' dir='ltr'>tamen</span> <span class='ocrx_word' id='word_1_113' title='bbox 816 1981 891 2041; x_wconf 83' lang='lat' dir='ltr'>mihi</span> <span class='ocrx_word' id='word_1_114' title='bbox 904 1986 1098 2047; x_wconf 64' lang='lat' dir='ltr'>esseminant</span> <span class='ocrx_word' id='word_1_115' title='bbox 1112 1991 1206 2050; x_wconf 81' lang='lat' dir='ltr'>vide-</span> <span class='ocrx_word' id='word_1_116' title='bbox 1306 1990 1310 1997; x_wconf 76' lang='grc'><strong>’</strong></span> 
     </span>
    </p>
   </div>
   <div class='ocr_carea' id='block_1_9' title="bbox 12 2058 1262 4290">
    <p class='ocr_par' dir='ltr' id='par_1_9' title="bbox 12 2058 1262 4290">
     <span class='ocr_line' id='line_1_18' title="bbox 112 2058 1206 2165; baseline 0.002 -20"><span class='ocrx_word' id='word_1_117' title='bbox 112 2088 216 2147; x_wconf 84' lang='lat' dir='ltr'>batur.</span> <span class='ocrx_word' id='word_1_118' title='bbox 262 2086 337 2145; x_wconf 81' lang='lat' dir='ltr'>eum</span> <span class='ocrx_word' id='word_1_119' title='bbox 353 2058 434 2146; x_wconf 63' lang='lat' dir='ltr'>eniri</span> <span class='ocrx_word' id='word_1_120' title='bbox 445 2104 562 2145; x_wconf 86' lang='lat' dir='ltr'>mecum</span> <span class='ocrx_word' id='word_1_121' title='bbox 576 2084 735 2149; x_wconf 84' lang='lat' dir='ltr'>considero</span> <span class='ocrx_word' id='word_1_122' title='bbox 748 2083 857 2144; x_wconf 87' lang='lat' dir='ltr'>multos</span> <span class='ocrx_word' id='word_1_123' title='bbox 871 2105 908 2144; x_wconf 85' lang='lat' dir='ltr'>ex</span> <span class='ocrx_word' id='word_1_124' title='bbox 923 2088 1102 2165; x_wconf 72' lang='lat' dir='ltr'>gravissimis</span> <span class='ocrx_word' id='word_1_125' title='bbox 1117 2093 1206 2155; x_wconf 82' lang='lat' dir='ltr'>simul</span> 
     </span>
     <span class='ocr_line' id='line_1_19' title="bbox 12 2170 1203 2273; baseline 0.003 -26"><span class='ocrx_word' id='word_1_126' title='bbox 12 2170 17 2177; x_wconf 86' lang='grc'><em>’</em></span> <span class='ocrx_word' id='word_1_127' title='bbox 113 2198 206 2268; x_wconf 77' lang='lat' dir='ltr'>atquo</span> <span class='ocrx_word' id='word_1_128' title='bbox 233 2186 446 2266; x_wconf 68' lang='lat' dir='ltr'>anaqunnmn</span> <span class='ocrx_word' id='word_1_129' title='bbox 477 2185 667 2259; x_wconf 80' lang='lat' dir='ltr'>auctoribus,</span> <span class='ocrx_word' id='word_1_130' title='bbox 696 2185 749 2262; x_wconf 72' lang='lat' dir='ltr'>qus</span> <span class='ocrx_word' id='word_1_131' title='bbox 779 2184 979 2261; x_wconf 63' lang='lat' dir='ltr'>aequaeuam</span> <span class='ocrx_word' id='word_1_132' title='bbox 999 2190 1049 2249; x_wconf 74' lang='lat' dir='ltr'>vu</span> <span class='ocrx_word' id='word_1_133' title='bbox 1070 2192 1203 2273; x_wconf 63' lang='lat' dir='ltr'>leuen,</span> 
     </span>
     <span class='ocr_line' id='line_1_20' title="bbox 111 2269 1206 2375; baseline 0.005 -26"><span class='ocrx_word' id='word_1_134' title='bbox 111 2289 164 2349; x_wconf 78' lang='lat' dir='ltr'>vel</span> <span class='ocrx_word' id='word_1_135' title='bbox 185 2289 358 2367; x_wconf 82' lang='lat' dir='ltr'>vituperare</span> <span class='ocrx_word' id='word_1_136' title='bbox 381 2287 579 2360; x_wconf 87' lang='lat' dir='ltr'>studuerunt,</span> <span class='ocrx_word' id='word_1_137' title='bbox 612 2304 665 2343; x_wconf 89' lang='lat' dir='ltr'>eos</span> <span class='ocrx_word' id='word_1_138' title='bbox 690 2269 843 2364; x_wconf 80' lang='lat' dir='ltr'>comperio</span> <span class='ocrx_word' id='word_1_139' title='bbox 863 2287 912 2349; x_wconf 85' lang='lat' dir='ltr'>vel</span> <span class='ocrx_word' id='word_1_140' title='bbox 932 2289 1037 2366; x_wconf 84' lang='lat' dir='ltr'>plura,¹</span> <span class='ocrx_word' id='word_1_141' title='bbox 1051 2312 1206 2375; x_wconf 83' lang='lat' dir='ltr'>quampar</span> 
     </span>
     <span class='ocr_line' id='line_1_21' title="bbox 112 2385 1206 2475; baseline 0.002 -25"><span class='ocrx_word' id='word_1_142' title='bbox 112 2400 189 2465; x_wconf 84' lang='lat' dir='ltr'>erat,</span> <span class='ocrx_word' id='word_1_143' title='bbox 213 2392 240 2451; x_wconf 89' lang='lat' dir='ltr'>ei</span> <span class='ocrx_word' id='word_1_144' title='bbox 254 2390 433 2463; x_wconf 76' lang='lat' dir='ltr'>attribuisse,</span> <span class='ocrx_word' id='word_1_145' title='bbox 455 2389 506 2447; x_wconf 83' lang='lat' dir='ltr'>vel</span> <span class='ocrx_word' id='word_1_146' title='bbox 519 2388 610 2467; x_wconf 82' lang='lat' dir='ltr'>plura</span> <span class='ocrx_word' id='word_1_147' title='bbox 627 2385 801 2463; x_wconf 72' lang='lat' dir='ltr'>detraxisse,</span> <span class='ocrx_word' id='word_1_148' title='bbox 824 2409 912 2467; x_wconf 86' lang='lat' dir='ltr'>quarn</span> <span class='ocrx_word' id='word_1_149' title='bbox 925 2411 973 2450; x_wconf 87' lang='lat' dir='ltr'>ras</span> <span class='ocrx_word' id='word_1_150' title='bbox 989 2393 1055 2472; x_wconf 85' lang='lat' dir='ltr'>ipso</span> <span class='ocrx_word' id='word_1_151' title='bbox 1068 2400 1206 2475; x_wconf 55' lang='lat' dir='ltr'>postrata,</span> 
     </span>
     <span class='ocr_line' id='line_1_22' title="bbox 110 2487 1206 2571; baseline 0.007 -18"><span class='ocrx_word' id='word_1_152' title='bbox 110 2493 174 2568; x_wconf 86' lang='lat' dir='ltr'>bat,</span> <span class='ocrx_word' id='word_1_153' title='bbox 198 2503 287 2571; x_wconf 85' lang='lat' dir='ltr'>atque</span> <span class='ocrx_word' id='word_1_154' title='bbox 309 2492 352 2550; x_wconf 88' lang='lat' dir='ltr'>ita</span> <span class='ocrx_word' id='word_1_155' title='bbox 372 2501 528 2569; x_wconf 85' lang='lat' dir='ltr'>utrosque,</span> <span class='ocrx_word' id='word_1_156' title='bbox 550 2488 624 2547; x_wconf 87' lang='lat' dir='ltr'>(lum</span> <span class='ocrx_word' id='word_1_157' title='bbox 642 2487 706 2546; x_wconf 81' lang='lat' dir='ltr'>aius</span> <span class='ocrx_word' id='word_1_158' title='bbox 719 2489 769 2547; x_wconf 81' lang='lat' dir='ltr'>vel</span> <span class='ocrx_word' id='word_1_159' title='bbox 783 2493 995 2568; x_wconf 83' lang='lat' dir='ltr'>praestantiam</span> <span class='ocrx_word' id='word_1_160' title='bbox 1008 2495 1095 2557; x_wconf 85' lang='lat' dir='ltr'>nimis</span> <span class='ocrx_word' id='word_1_161' title='bbox 1108 2501 1206 2561; x_wconf 82' lang='lat' dir='ltr'>admi·</span> 
     </span>
     <span class='ocr_line' id='line_1_23' title="bbox 110 2588 1203 2668; baseline 0.011 -18"><span class='ocrx_word' id='word_1_162' title='bbox 110 2604 228 2668; x_wconf 82' lang='lat' dir='ltr'>rantur,</span> <span class='ocrx_word' id='word_1_163' title='bbox 249 2594 300 2652; x_wconf 85' lang='lat' dir='ltr'>vel</span> <span class='ocrx_word' id='word_1_164' title='bbox 317 2593 443 2651; x_wconf 84' lang='lat' dir='ltr'>abusum</span> <span class='ocrx_word' id='word_1_165' title='bbox 463 2591 551 2651; x_wconf 77' lang='lat' dir='ltr'>rumis</span> <span class='ocrx_word' id='word_1_166' title='bbox 564 2588 759 2650; x_wconf 85' lang='lat' dir='ltr'>devitandum</span> <span class='ocrx_word' id='word_1_167' title='bbox 773 2601 905 2667; x_wconf 90' lang='lat' dir='ltr'>censent,</span> <span class='ocrx_word' id='word_1_168' title='bbox 926 2596 1025 2656; x_wconf 89' lang='lat' dir='ltr'>multis</span> <span class='ocrx_word' id='word_1_169' title='bbox 1039 2600 1077 2658; x_wconf 89' lang='lat' dir='ltr'>de</span> <span class='ocrx_word' id='word_1_170' title='bbox 1090 2610 1155 2662; x_wconf 81' lang='lat' dir='ltr'>tota</span> <span class='ocrx_word' id='word_1_171' title='bbox 1168 2625 1203 2666; x_wconf 83' lang='lat' dir='ltr'>rs</span> 
     </span>
     <span class='ocr_line' id='line_1_24' title="bbox 111 2691 1204 2773; baseline 0.001 -18"><span class='ocrx_word' id='word_1_172' title='bbox 111 2717 174 2755; x_wconf 93' lang='lat' dir='ltr'>non</span> <span class='ocrx_word' id='word_1_173' title='bbox 197 2705 279 2756; x_wconf 87' lang='lat' dir='ltr'>recte</span> <span class='ocrx_word' id='word_1_174' title='bbox 301 2694 446 2753; x_wconf 84' lang='lat' dir='ltr'>sentiendi</span> <span class='ocrx_word' id='word_1_175' title='bbox 467 2712 570 2751; x_wconf 89' lang='lat' dir='ltr'>ansam</span> <span class='ocrx_word' id='word_1_176' title='bbox 587 2691 772 2770; x_wconf 82' lang='lat' dir='ltr'>praebuisse.</span> <span class='ocrx_word' id='word_1_177' title='bbox 815 2695 891 2753; x_wconf 87' lang='lat' dir='ltr'>Nam</span> <span class='ocrx_word' id='word_1_178' title='bbox 910 2697 962 2773; x_wconf 89' lang='lat' dir='ltr'>qui</span> <span class='ocrx_word' id='word_1_179' title='bbox 976 2720 1040 2759; x_wconf 84' lang='lat' dir='ltr'>eam</span> <span class='ocrx_word' id='word_1_180' title='bbox 1054 2723 1204 2766; x_wconf 67' lang='lat' dir='ltr'>commen.</span> 
     </span>
     <span class='ocr_line' id='line_1_25' title="bbox 112 2785 1204 2870; baseline 0.008 -18"><span class='ocrx_word' id='word_1_181' title='bbox 112 2796 197 2870; x_wconf 78' lang='lat' dir='ltr'>dant,</span> <span class='ocrx_word' id='word_1_182' title='bbox 219 2796 282 2855; x_wconf 83' lang='lat' dir='ltr'>fere</span> <span class='ocrx_word' id='word_1_183' title='bbox 306 2814 366 2852; x_wconf 90' lang='lat' dir='ltr'>uno</span> <span class='ocrx_word' id='word_1_184' title='bbox 391 2785 539 2859; x_wconf 75' lang='lat' dir='ltr'>consensu</span> <span class='ocrx_word' id='word_1_185' title='bbox 562 2811 663 2850; x_wconf 88' lang='lat' dir='ltr'>omnes</span> <span class='ocrx_word' id='word_1_186' title='bbox 680 2792 827 2855; x_wconf 86' lang='lat' dir='ltr'>bonorum</span> <span class='ocrx_word' id='word_1_187' title='bbox 855 2797 985 2858; x_wconf 86' lang='lat' dir='ltr'>onmium</span> <span class='ocrx_word' id='word_1_188' title='bbox 1004 2799 1204 2866; x_wconf 70' lang='lat' dir='ltr'>humaniorum</span> 
     </span>
     <span class='ocr_line' id='line_1_26' title="bbox 114 2894 1206 2974; baseline 0.001 -18"><span class='ocrx_word' id='word_1_189' title='bbox 114 2916 239 2957; x_wconf 83' lang='lat' dir='ltr'>causam</span> <span class='ocrx_word' id='word_1_190' title='bbox 255 2895 281 2955; x_wconf 86' lang='lat' dir='ltr'>ei</span> <span class='ocrx_word' id='word_1_191' title='bbox 295 2894 483 2955; x_wconf 84' lang='lat' dir='ltr'>adscribunt:</span> <span class='ocrx_word' id='word_1_192' title='bbox 501 2910 769 2966; x_wconf 79' lang='lat' dir='ltr'>eamcongregssae</span> <span class='ocrx_word' id='word_1_193' title='bbox 782 2915 798 2949; x_wconf 88' lang='lat' dir='ltr'>a</span> <span class='ocrx_word' id='word_1_194' title='bbox 813 2894 962 2970; x_wconf 88' lang='lat' dir='ltr'>principio</span> <span class='ocrx_word' id='word_1_195' title='bbox 976 2895 1121 2974; x_wconf 89' lang='lat' dir='ltr'>homines,</span> <span class='ocrx_word' id='word_1_196' title='bbox 1137 2922 1206 2962; x_wconf 88' lang='lat' dir='ltr'>cum</span> 
     </span>
     <span class='ocr_line' id='line_1_27' title="bbox 111 2990 1207 3085; baseline -0.006 -27"><span class='ocrx_word' id='word_1_197' title='bbox 111 3001 147 3058; x_wconf 92' lang='lat' dir='ltr'>in</span> <span class='ocrx_word' id='word_1_198' title='bbox 161 2997 255 3077; x_wconf 73' lang='lat' dir='ltr'>sylvis</span> <span class='ocrx_word' id='word_1_199' title='bbox 264 2998 395 3057; x_wconf 84' lang='lat' dir='ltr'>seraruin</span> <span class='ocrx_word' id='word_1_200' title='bbox 401 3014 486 3056; x_wconf 85' lang='lat' dir='ltr'>more</span> <span class='ocrx_word' id='word_1_201' title='bbox 499 2991 591 3051; x_wconf 81' lang='lat' dir='ltr'>vitam</span> <span class='ocrx_word' id='word_1_202' title='bbox 603 2990 806 3085; x_wconf 47' lang='lat' dir='ltr'>traducerent,</span> <span class='ocrx_word' id='word_1_203' title='bbox 821 3003 910 3072; x_wconf 88' lang='lat' dir='ltr'>atque</span> <span class='ocrx_word' id='word_1_204' title='bbox 919 2995 956 3054; x_wconf 85' lang='lat' dir='ltr'>ad</span> <span class='ocrx_word' id='word_1_205' title='bbox 970 2995 1060 3055; x_wconf 87' lang='lat' dir='ltr'>urbes</span> <span class='ocrx_word' id='word_1_206' title='bbox 1074 3000 1207 3059; x_wconf 73' lang='lat' dir='ltr'>conden-</span> 
     </span>
     <span class='ocr_line' id='line_1_28' title="bbox 114 3093 1205 3174; baseline 0.002 -17"><span class='ocrx_word' id='word_1_207' title='bbox 114 3100 171 3160; x_wconf 82' lang='lat' dir='ltr'>das</span> <span class='ocrx_word' id='word_1_208' title='bbox 184 3099 355 3173; x_wconf 75' lang='lat' dir='ltr'>induxisse,</span> <span class='ocrx_word' id='word_1_209' title='bbox 378 3096 533 3173; x_wconf 85' lang='lat' dir='ltr'>earnleges</span> <span class='ocrx_word' id='word_1_210' title='bbox 556 3093 729 3169; x_wconf 74' lang='lat' dir='ltr'>instituisse,</span> <span class='ocrx_word' id='word_1_211' title='bbox 752 3095 815 3155; x_wconf 88' lang='lat' dir='ltr'>sine</span> <span class='ocrx_word' id='word_1_212' title='bbox 833 3097 942 3174; x_wconf 88' lang='lat' dir='ltr'>quihus</span> <span class='ocrx_word' id='word_1_213' title='bbox 963 3101 1127 3159; x_wconf 86' lang='lat' dir='ltr'>communis</span> <span class='ocrx_word' id='word_1_214' title='bbox 1141 3103 1205 3165; x_wconf 82' lang='lat' dir='ltr'>vita</span> 
     </span>
     <span class='ocr_line' id='line_1_29' title="bbox 114 3197 1206 3276; baseline 0.005 -18"><span class='ocrx_word' id='word_1_215' title='bbox 114 3218 180 3258; x_wconf 86' lang='lat' dir='ltr'>esse</span> <span class='ocrx_word' id='word_1_216' title='bbox 195 3199 279 3257; x_wconf 82' lang='lat' dir='ltr'>nulla</span> <span class='ocrx_word' id='word_1_217' title='bbox 291 3207 411 3276; x_wconf 71' lang='lat' dir='ltr'>posset,</span> <span class='ocrx_word' id='word_1_218' title='bbox 430 3216 494 3255; x_wconf 89' lang='lat' dir='ltr'>eam</span> <span class='ocrx_word' id='word_1_219' title='bbox 504 3205 673 3255; x_wconf 84' lang='lat' dir='ltr'>mansuetos</span> <span class='ocrx_word' id='word_1_220' title='bbox 689 3197 801 3272; x_wconf 73' lang='lat' dir='ltr'>eteris,</span> <span class='ocrx_word' id='word_1_221' title='bbox 824 3197 927 3258; x_wconf 84' lang='lat' dir='ltr'>ci&#39;viles</span> <span class='ocrx_word' id='word_1_222' title='bbox 943 3202 1092 3260; x_wconf 86' lang='lat' dir='ltr'>erusticis</span> <span class='ocrx_word' id='word_1_223' title='bbox 1106 3202 1206 3265; x_wconf 84' lang='lat' dir='ltr'>homi-</span> 
     </span>
     <span class='ocr_line' id='line_1_30' title="bbox 113 3297 1204 3377; baseline 0.006 -20"><span class='ocrx_word' id='word_1_224' title='bbox 113 3321 169 3360; x_wconf 90' lang='lat' dir='ltr'>nes</span> <span class='ocrx_word' id='word_1_225' title='bbox 179 3299 365 3374; x_wconf 73' lang='lat' dir='ltr'>reddidisse,</span> <span class='ocrx_word' id='word_1_226' title='bbox 388 3319 451 3359; x_wconf 82' lang='lat' dir='ltr'>eam</span> <span class='ocrx_word' id='word_1_227' title='bbox 474 3297 595 3357; x_wconf 87' lang='lat' dir='ltr'>demum</span> <span class='ocrx_word' id='word_1_228' title='bbox 615 3318 689 3373; x_wconf 90' lang='lat' dir='ltr'>esse,</span> <span class='ocrx_word' id='word_1_229' title='bbox 711 3319 772 3377; x_wconf 87' lang='lat' dir='ltr'>qus</span> <span class='ocrx_word' id='word_1_230' title='bbox 791 3300 856 3359; x_wconf 88' lang='lat' dir='ltr'>sola</span> <span class='ocrx_word' id='word_1_231' title='bbox 877 3321 895 3358; x_wconf 91' lang='lat' dir='ltr'>a</span> <span class='ocrx_word' id='word_1_232' title='bbox 909 3301 1009 3360; x_wconf 86' lang='lat' dir='ltr'>bestiis</span> <span class='ocrx_word' id='word_1_233' title='bbox 1025 3303 1204 3369; x_wconf 76' lang='lat' dir='ltr'>differamus.</span> 
     </span>
     <span class='ocr_line' id='line_1_31' title="bbox 115 3398 1204 3486; baseline 0.006 -26"><span class='ocrx_word' id='word_1_234' title='bbox 115 3401 206 3473; x_wconf 88' lang='lat' dir='ltr'>Quod</span> <span class='ocrx_word' id='word_1_235' title='bbox 222 3421 293 3461; x_wconf 87' lang='lat' dir='ltr'>cum</span> <span class='ocrx_word' id='word_1_236' title='bbox 304 3400 418 3474; x_wconf 70' lang='lat' dir='ltr'>dictant,</span> <span class='ocrx_word' id='word_1_237' title='bbox 440 3418 501 3458; x_wconf 89' lang='lat' dir='ltr'>non</span> <span class='ocrx_word' id='word_1_238' title='bbox 516 3399 592 3458; x_wconf 88' lang='lat' dir='ltr'>male</span> <span class='ocrx_word' id='word_1_239' title='bbox 604 3398 650 3457; x_wconf 90' lang='lat' dir='ltr'>illi</span> <span class='ocrx_word' id='word_1_240' title='bbox 672 3399 793 3477; x_wconf 88' lang='lat' dir='ltr'>quidem</span> <span class='ocrx_word' id='word_1_241' title='bbox 806 3422 838 3462; x_wconf 90' lang='lat' dir='ltr'>se</span> <span class='ocrx_word' id='word_1_242' title='bbox 857 3423 960 3480; x_wconf 83' lang='lat' dir='ltr'>gerere</span> <span class='ocrx_word' id='word_1_243' title='bbox 973 3406 1111 3464; x_wconf 84' lang='lat' dir='ltr'>censendi</span> <span class='ocrx_word' id='word_1_244' title='bbox 1124 3420 1204 3486; x_wconf 83' lang='lat' dir='ltr'>sunt,</span> 
     </span>
     <span class='ocr_line' id='line_1_32' title="bbox 114 3499 1205 3585; baseline 0.009 -25"><span class='ocrx_word' id='word_1_245' title='bbox 114 3501 144 3560; x_wconf 87' lang='lat' dir='ltr'>si</span> <span class='ocrx_word' id='word_1_246' title='bbox 163 3503 211 3560; x_wconf 75' lang='lat' dir='ltr'>vel</span> <span class='ocrx_word' id='word_1_247' title='bbox 225 3502 345 3581; x_wconf 89' lang='lat' dir='ltr'>loquuti</span> <span class='ocrx_word' id='word_1_248' title='bbox 353 3521 413 3578; x_wconf 88' lang='lat' dir='ltr'>pro</span> <span class='ocrx_word' id='word_1_249' title='bbox 431 3500 596 3572; x_wconf 89' lang='lat' dir='ltr'>occasione,</span> <span class='ocrx_word' id='word_1_250' title='bbox 618 3500 668 3559; x_wconf 88' lang='lat' dir='ltr'>vel</span> <span class='ocrx_word' id='word_1_251' title='bbox 687 3501 871 3579; x_wconf 85' lang='lat' dir='ltr'>eloquentiae</span> <span class='ocrx_word' id='word_1_252' title='bbox 891 3506 1010 3565; x_wconf 88' lang='lat' dir='ltr'>nomine</span> <span class='ocrx_word' id='word_1_253' title='bbox 1032 3499 1205 3585; x_wconf 76' lang='lat' dir='ltr'>sapientiam</span> 
     </span>
     <span class='ocr_line' id='line_1_33' title="bbox 115 3601 1204 3685; baseline 0.008 -26"><span class='ocrx_word' id='word_1_254' title='bbox 115 3623 233 3661; x_wconf 86' lang='lat' dir='ltr'>omnem</span> <span class='ocrx_word' id='word_1_255' title='bbox 248 3602 398 3682; x_wconf 81' lang='lat' dir='ltr'>complexi</span> <span class='ocrx_word' id='word_1_256' title='bbox 412 3621 476 3662; x_wconf 87' lang='lat' dir='ltr'>esse</span> <span class='ocrx_word' id='word_1_257' title='bbox 488 3601 699 3678; x_wconf 86' lang='lat' dir='ltr'>intelligantur.</span> <span class='ocrx_word' id='word_1_258' title='bbox 731 3603 776 3662; x_wconf 80' lang='lat' dir='ltr'>lte</span> <span class='ocrx_word' id='word_1_259' title='bbox 789 3606 867 3665; x_wconf 80' lang='lat' dir='ltr'>eninr</span> <span class='ocrx_word' id='word_1_260' title='bbox 880 3627 952 3681; x_wconf 82' lang='lat' dir='ltr'>vora</span> <span class='ocrx_word' id='word_1_261' title='bbox 965 3627 1024 3667; x_wconf 89' lang='lat' dir='ltr'>non</span> <span class='ocrx_word' id='word_1_262' title='bbox 1039 3609 1134 3666; x_wconf 88' lang='lat' dir='ltr'>oratio</span> <span class='ocrx_word' id='word_1_263' title='bbox 1150 3619 1204 3685; x_wconf 87' lang='lat' dir='ltr'>est,</span> 
     </span>
     <span class='ocr_line' id='line_1_34' title="bbox 113 3701 1262 3783; baseline 0.006 -22"><span class='ocrx_word' id='word_1_264' title='bbox 113 3701 169 3761; x_wconf 87' lang='lat' dir='ltr'>sed</span> <span class='ocrx_word' id='word_1_265' title='bbox 183 3704 261 3763; x_wconf 86' lang='lat' dir='ltr'>ratio</span> <span class='ocrx_word' id='word_1_266' title='bbox 278 3713 309 3762; x_wconf 88' lang='lat' dir='ltr'>et</span> <span class='ocrx_word' id='word_1_267' title='bbox 321 3702 524 3780; x_wconf 85' lang='lat' dir='ltr'>intelligentia,</span> <span class='ocrx_word' id='word_1_268' title='bbox 548 3722 624 3780; x_wconf 86' lang='lat' dir='ltr'>quae</span> <span class='ocrx_word' id='word_1_269' title='bbox 645 3724 663 3760; x_wconf 85' lang='lat' dir='ltr'>a</span> <span class='ocrx_word' id='word_1_270' title='bbox 681 3703 778 3762; x_wconf 89' lang='lat' dir='ltr'>brutis</span> <span class='ocrx_word' id='word_1_271' title='bbox 793 3703 942 3764; x_wconf 86' lang='lat' dir='ltr'>bominem</span> <span class='ocrx_word' id='word_1_272' title='bbox 957 3706 1127 3783; x_wconf 81' lang='lat' dir='ltr'>distinguat</span> <span class='ocrx_word' id='word_1_273' title='bbox 1148 3726 1206 3768; x_wconf 81' lang='lat' dir='ltr'>nee</span> <span class='ocrx_word' id='word_1_274' title='bbox 1257 3724 1262 3737; x_wconf 56' lang='lat'>⁸</span> 
     </span>
     <span class='ocr_line' id='line_1_35' title="bbox 115 3801 1207 3886; baseline 0.008 -26"><span class='ocrx_word' id='word_1_275' title='bbox 115 3803 285 3882; x_wconf 88' lang='lat' dir='ltr'>eloquentia</span> <span class='ocrx_word' id='word_1_276' title='bbox 307 3813 360 3876; x_wconf 87' lang='lat' dir='ltr'>eat,</span> <span class='ocrx_word' id='word_1_277' title='bbox 383 3801 437 3862; x_wconf 87' lang='lat' dir='ltr'>sed</span> <span class='ocrx_word' id='word_1_278' title='bbox 454 3803 601 3882; x_wconf 85' lang='lat' dir='ltr'>sapientis</span> <span class='ocrx_word' id='word_1_279' title='bbox 614 3813 644 3863; x_wconf 92' lang='lat' dir='ltr'>et</span> <span class='ocrx_word' id='word_1_280' title='bbox 656 3804 826 3883; x_wconf 87' lang='lat' dir='ltr'>prudentia,</span> <span class='ocrx_word' id='word_1_281' title='bbox 849 3808 925 3883; x_wconf 81' lang='lat' dir='ltr'>quae</span> <span class='ocrx_word' id='word_1_282' title='bbox 938 3805 1088 3886; x_wconf 87' lang='lat' dir='ltr'>dispersos</span> <span class='ocrx_word' id='word_1_283' title='bbox 1102 3827 1137 3865; x_wconf 86' lang='lat' dir='ltr'>ac</span> <span class='ocrx_word' id='word_1_284' title='bbox 1150 3828 1207 3869; x_wconf 82' lang='lat' dir='ltr'>ve·</span> 
     </span>
     <span class='ocr_line' id='line_1_36' title="bbox 117 3902 1205 3983; baseline 0.011 -25"><span class='ocrx_word' id='word_1_285' title='bbox 117 3913 219 3979; x_wconf 80' lang='lat' dir='ltr'>gentes</span> <span class='ocrx_word' id='word_1_286' title='bbox 239 3902 375 3963; x_wconf 86' lang='lat' dir='ltr'>homines</span> <span class='ocrx_word' id='word_1_287' title='bbox 398 3904 431 3964; x_wconf 84' lang='lat' dir='ltr'>irl</span> <span class='ocrx_word' id='word_1_288' title='bbox 454 3924 547 3963; x_wconf 87' lang='lat' dir='ltr'>unum</span> <span class='ocrx_word' id='word_1_289' title='bbox 568 3906 731 3982; x_wconf 84' lang='lat' dir='ltr'>collegerit,</span> <span class='ocrx_word' id='word_1_290' title='bbox 754 3928 789 3965; x_wconf 90' lang='lat' dir='ltr'>ac</span> <span class='ocrx_word' id='word_1_291' title='bbox 806 3905 897 3965; x_wconf 85' lang='lat' dir='ltr'>vitum</span> <span class='ocrx_word' id='word_1_292' title='bbox 912 3905 1072 3983; x_wconf 71' lang='lat' dir='ltr'>humanam</span> <span class='ocrx_word' id='word_1_293' title='bbox 1089 3931 1205 3974; x_wconf 85' lang='lat' dir='ltr'>omnem</span> 
     </span>
     <span class='ocr_line' id='line_1_37' title="bbox 116 4006 1204 4083; baseline 0.014 -23"><span class='ocrx_word' id='word_1_294' title='bbox 116 4011 151 4061; x_wconf 94' lang='lat' dir='ltr'>et</span> <span class='ocrx_word' id='word_1_295' title='bbox 167 4006 289 4065; x_wconf 78' lang='lat' dir='ltr'>urbibus</span> <span class='ocrx_word' id='word_1_296' title='bbox 313 4008 487 4082; x_wconf 68' lang='lat' dir='ltr'>condendis,</span> <span class='ocrx_word' id='word_1_297' title='bbox 509 4018 541 4069; x_wconf 90' lang='lat' dir='ltr'>et</span> <span class='ocrx_word' id='word_1_298' title='bbox 553 4006 667 4083; x_wconf 82' lang='lat' dir='ltr'>legibus</span> <span class='ocrx_word' id='word_1_299' title='bbox 683 4007 872 4067; x_wconf 84' lang='lat' dir='ltr'>instituendis</span> <span class='ocrx_word' id='word_1_300' title='bbox 886 4011 1057 4069; x_wconf 83' lang='lat' dir='ltr'>excoluerit.</span> <span class='ocrx_word' id='word_1_301' title='bbox 1101 4016 1204 4074; x_wconf 85' lang='lat' dir='ltr'>Sermo</span> 
     </span>
     <span class='ocr_line' id='line_1_38' title="bbox 34 4104 1206 4191; baseline 0.015 -29"><span class='ocrx_word' id='word_1_302' title='bbox 34 4164 38 4177; x_wconf 64' lang='grc'><em>,</em></span> <span class='ocrx_word' id='word_1_303' title='bbox 115 4104 198 4163; x_wconf 78' lang='lat' dir='ltr'>crum</span> <span class='ocrx_word' id='word_1_304' title='bbox 217 4116 320 4183; x_wconf 85' lang='lat' dir='ltr'>postea</span> <span class='ocrx_word' id='word_1_305' title='bbox 348 4117 490 4186; x_wconf 80' lang='lat' dir='ltr'>tanquam</span> <span class='ocrx_word' id='word_1_306' title='bbox 509 4107 661 4182; x_wconf 84' lang='lat' dir='ltr'>minister,</span> <span class='ocrx_word' id='word_1_307' title='bbox 690 4118 722 4168; x_wconf 84' lang='lat' dir='ltr'>at</span> <span class='ocrx_word' id='word_1_308' title='bbox 741 4111 910 4188; x_wconf 84' lang='lat' dir='ltr'>eloquentia</span> <span class='ocrx_word' id='word_1_309' title='bbox 938 4121 1080 4191; x_wconf 83' lang='lat' dir='ltr'>tauquam</span> <span class='ocrx_word' id='word_1_310' title='bbox 1097 4118 1206 4179; x_wconf 82' lang='lat' dir='ltr'>ancilla</span> 
     </span>
     <span class='ocr_line' id='line_1_39' title="bbox 114 4205 1207 4290; baseline 0.015 -27"><span class='ocrx_word' id='word_1_311' title='bbox 114 4205 302 4286; x_wconf 78' lang='lat' dir='ltr'>subsequuta</span> <span class='ocrx_word' id='word_1_312' title='bbox 317 4208 486 4280; x_wconf 77' lang='lat' dir='ltr'>necessario</span> <span class='ocrx_word' id='word_1_313' title='bbox 501 4219 556 4275; x_wconf 76' lang='lat' dir='ltr'>ebt.</span> <span class='ocrx_word' id='word_1_314' title='bbox 599 4210 659 4270; x_wconf 84' lang='lat' dir='ltr'>Sed</span> <span class='ocrx_word' id='word_1_315' title='bbox 678 4210 704 4270; x_wconf 89' lang='lat' dir='ltr'>si</span> <span class='ocrx_word' id='word_1_316' title='bbox 716 4210 758 4271; x_wconf 80' lang='lat' dir='ltr'>ita</span> <span class='ocrx_word' id='word_1_317' title='bbox 773 4211 908 4275; x_wconf 68' lang='lat' dir='ltr'>Muto</span> <span class='ocrx_word' id='word_1_318' title='bbox 929 4231 1008 4290; x_wconf 67' lang='lat' dir='ltr'>quse</span> <span class='ocrx_word' id='word_1_319' title='bbox 1026 4213 1132 4277; x_wconf 78' lang='lat' dir='ltr'>dieunt</span> <span class='ocrx_word' id='word_1_320' title='bbox 1151 4237 1207 4278; x_wconf 61' lang='lat' dir='ltr'>ac*</span> 
     </span>
    </p>
   </div>
   <div class='ocr_carea' id='block_1_10' title="bbox 0 0 1394 4724">
    <p class='ocr_par' dir='ltr' id='par_1_10' title="bbox 0 0 1394 4724">
     <span class='ocr_line' id='line_1_40' title="bbox 0 0 1394 4724; baseline 0 0"><span class='ocrx_word' id='word_1_321' title='bbox 0 0 1394 4724; x_wconf 95' lang='lat' dir='ltr'> </span> 
     </span>
    </p>
   </div>
  </div>
 </body>
</html>
