2768 4724
109 198 127 231 .
172 204 239 271 ιιι
511 178 908 260 -annosasionus

100 362 104 367 ’
237 367 270 430 Ρ.
291 369 343 434 47.
364 385 394 428 v.
414 370 467 434 st.
488 359 594 429 τοῖνδ’
615 361 708 447 aiulo]
734 366 823 445 vulg.
844 361 900 431 adv
920 361 947 431 d
963 359 1052 451 ιῖιιὲρ.
1072 359 1296 451 τοῖνδ’ὗπέρ.
1365 426 1368 431 .

172 457 205 517 in
225 453 301 530 Aug.
321 452 412 532 primi
433 450 579 531 supplem.
607 451 640 510 in
665 450 738 530 Aug.
765 450 873 529 testis,
909 450 1092 515 alemanna.
1113 453 1272 532 Bavarico,

172 539 271 616 aldo,
291 538 325 600 P.
346 535 497 612 Manutio,
519 535 608 594 Falic.
631 554 728 602 nmsn.

154 632 158 639 ’
235 640 269 700 Ρ.
298 637 350 703 47.
377 656 408 696 ν.
439 642 492 703 21.
519 636 591 717 τοῖν]
629 641 691 700 τοῖν
719 634 884 699 secundnm
911 636 996 698 abest
1017 636 1153 719 abdug.
1181 638 1272 720 primi

173 724 320 804 supplem.
343 721 379 781 ab
398 723 473 799 llug.
501 718 633 781 secundo
655 729 685 780 et
703 719 814 797 tertia,
848 722 955 782 Bavar.
977 722 1100 785 Mecum.
1120 722 1214 803 Aldu,
1236 724 1271 784 P.
1338 718 1344 725 ’

171 810 287 871 Manat.
307 806 398 866 Felic.
442 804 499 866 Sed
516 825 555 865 ex
567 804 680 865 Harlci.
697 806 852 865 annotavit
865 806 986 886 Taylor.
1010 816 1108 895 nupsit.
1151 808 1273 870 Delesit

172 893 300 971 Augen,
326 890 413 949 uncis
434 890 558 950 inclusit
568 889 732 971 illidimus,
758 890 847 950 ambo
871 901 1020 953 arranem
1039 913 1108 953 nam
1125 892 1272 953 ardenas

129 990 132 999 '
172 975 359 1039 necessarius
373 983 427 1035 est.
450 994 609 1035 samaeus.

236 1078 270 1138 Ρ.
292 1081 344 1143 47.
366 1095 396 1140 s.
417 1081 471 1143 22.
492 1069 732 1158 ἀγωνιζομένων]
746 1073 833 1152 vulg.
843 1067 1077 1159 ἀγωνιζόμενον.
1088 1067 1272 1160 drautioni-

171 1186 237 1227 νοον
250 1161 327 1240 Aug.
343 1160 491 1220 secundus
502 1204 511 1234 ‚
532 1161 655 1236 tertius,
676 1160 784 1221 Basar.
804 1160 986 1222 dlecrmann.
1008 1162 1080 1224 Ald.
1099 1163 1134 1224 Ρ.
1155 1162 1270 1224 Manus

170 1247 264 1309 Belia
286 1245 485 1308 llcstituisaiv
500 1238 530 1309 d'
543 1237 913 1328 ὖπὲρ-ἆνοονιζομὲνοιν.
935 1264 1032 1306 acus.
1051 1328 1054 1333 Ι

235 1348 268 1408 Ρ.
288 1350 340 1412 47.
361 1366 391 1408 u.
414 1350 465 1411 22.
489 1340 664 1425 ἱππαρχεῖν]
692 1336 839 1428 ὖιοορηεῐν
856 1346 978 1407 Mecum
1007 1346 1123 1409 nstsx..
1153 1346 1270 1409 Passim

171 1431 387 1498 inas-scribae
406 1431 439 1489 in
458 1422 764 1508 tia-cocuupcau'at:
791 1430 874 1508 quad
888 1432 1023 1511 inprimis
1034 1426 1108 1493 huic
1121 1435 1270 1512 cognatis-

103 1576 113 1607 s
172 1515 398 1598 quevocabulis
414 1512 534 1573 accidit.
580 1513 618 1578 V.
640 1512 811 1575 Sclmcides.
832 1514 871 1572 ad
883 1515 1027 1596 Xenoph.
1045 1517 1156 1598 Cyrcp.
1178 1518 1215 1578 V.
1236 1523 1268 1585 8.

169 1605 224 1671 42.
246 1609 278 1660 et
294 1600 405 1661 Osann.
425 1597 566 1679 inscript.
587 1598 611 1657 1.
632 1617 663 1676 p.
686 1602 738 1662 24.
760 1616 919 1660 sensurus.

234 1702 267 1761 P.
288 1705 341 1767 47.
362 1719 392 1759 ν.
421 1705 472 1766 22.
496 1698 548 1777 ιιοιὶ
572 1688 610 1761 οὔ
638 1692 815 1781 οόνένδρο
839 1695 1039 1784 μεμφόμενος,
1060 1705 1157 1768 τοῦτο
1180 1701 1269 1788 llys,

169 1777 295 1871 blf-J
319 1784 403 1845 Cant.
424 1804 456 1863 p.
476 1788 537 1857 88,
559 1787 611 1848 21.
636 1802 798 1844 scunsrsn.
1360 1854 1364 1861 ἱ

232 1887 267 1950 Ρ.
288 1890 340 1952 47.
361 1904 392 1944 v.
414 1890 467 1950 28.
493 1874 553 1961 ὕφ’
572 1875 673 1965 ὁμοῖν]
698 1877 788 1965 ἦμοῖν
809 1883 961 1947 Parisinus
984 1884 1123 1967 quintus,
1157 1886 1268 1952 Bassa.

168 1968 246 2049 Aug.
269 1969 438 2043 secundus,
473 1969 505 2028 P.
524 1967 638 2032 Mami.
659 1967 762 2028 Malim
783 1963 838 2050 ἀφ’
859 1963 957 2050 ὁμοῖν.
985 1991 1048 2031 non
1069 1992 1088 2030 ι
1101 1970 1189 2033 vobis
1206 1973 1270 2034 de-

168 2055 283 2117 lcctum
304 2053 464 2135 oportebat
487 2072 569 2127 essa,
605 2052 660 2112 scd
686 2053 783 2112 civem
802 2064 951 2130 vestrum,
981 2075 1141 2116 enumera
1153 2066 1269 2134 νοοῖτο,

167 2140 563 2219 uoapcrsgrinum.ns1sx.
598 2136 763 2198 Emendavi
792 2158 830 2198 cx
854 2139 969 2199 Reiskii
990 2150 1089 2203 mente
1103 2132 1157 2219 ἄρ’
1171 2133 1268 2223 ὁμοῖν.

167 2224 214 2285 Ita
230 2234 261 2284 ct
283 2221 498 2284 emendandum
522 2221 638 2281 censuit
652 2220 754 2283 Abbas
772 2214 801 2282 d’
819 2222 929 2285 Olivet
950 2243 1062 2285 aucun.
1111 2216 1269 2303 vulgatam

167 2329 207 2370 ns
220 2317 331 2369 mutes:
354 2308 466 2386 quippe
478 2310 544 2386 ipsa
556 2326 613 2387 per
627 2326 659 2365 se
678 2306 825 2384 significat
837 2308 920 2388 quod
932 2308 978 2368 illi
1000 2306 1196 2387 significatum
1210 2330 1269 2370 vo·
1349 2334 1357 2345 ·

165 2393 300 2453 luerunt.
341 2391 387 2451 Ab
396 2391 627 2451 Atheniensibus
644 2391 723 2452 enim
736 2413 796 2451 non
808 2402 928 2472 poterat
938 2399 1187 2474 χειροτονεῖσθαι,
1207 2394 1268 2456 nisi

167 2478 222 2557 qni
232 2477 298 2557 ipsc
314 2485 391 2537 esset
405 2474 602 2536 Atheniensis.
644 2475 814 2552 Menelaus,
834 2478 870 2537 u't
891 2479 1069 2558 peregrinus
1090 2475 1265 2564 οεξενιηός,

165 2580 228 2621 non
240 2561 300 2621 fuit
312 2559 599 2643 κεχειροτονημένος.
622 2560 658 2619 V.
671 2570 735 2620 not.
752 2560 834 2640 adp.
856 2564 913 2638 49,
937 2569 986 2628 11.
1010 2582 1169 2623 saumas.

226 2664 259 2723 P.
281 2667 335 2730 47.
358 2682 387 2723 v.
410 2666 461 2728 26.
484 2656 535 2741 dei]
559 2660 591 2725 dl
605 2662 663 2722 suit
676 2663 709 2722 in
722 2662 798 2742 Aug.
820 2664 910 2724 tertio
928 2684 947 2722 ι
958 2663 1057 2745 prima
1073 2684 1183 2744 mauu,
1211 2665 1267 2726 scd

165 2747 266 2809 iunior
278 2742 316 2829 δὴ
332 2746 472 2807 correxit
494 2764 591 2806 asian.
992 2778 999 2794 .

182 2858 190 2865 “
229 2849 265 2911 Ρ.
285 2853 336 2914 47.
358 2869 390 2911 ν.
412 2853 465 2914 26.
485 2842 622 2929 χρήματα
633 2845 753 2928 saluus]
774 2848 966 2931 constructio
978 2860 1009 2910 ct
1023 2850 1184 2912 collocatio
1194 2870 1266 2913 stu*-

165 2934 275 2995 boram
289 2933 474 2992 nasolcntior.
516 2932 577 2992 Sed
590 2933 704 3013 accipio
720 2934 778 2993 sic:
807 2934 876 3009 περὶ
895 2928 1054 3015 χρημάτων
1074 2935 1189 3014 τοίνυν,
1209 2936 1265 3010 (de

165 3017 309 3101 pecunia,
339 3016 423 3095 quod
443 3015 482 3075 ad
501 3018 661 3095 pecuniam
682 3017 787 3077 attinet
795 3015 818 3097 ,)
845 3010 867 3096 si
887 3016 942 3098 μὲν
964 3014 1065 3102 τροφὴ
1086 3024 1126 3105 τῇ
1138 3015 1266 3102 δυνάμει

113 3111 116 3116 ’
164 3096 258 3188 :adep
281 3097 376 3182 (quod
390 3100 536 3179 sequitur,
559 3095 622 3163 κατ’
639 3094 817 3184 ἒπεξήγησιν
832 3101 960 3178 accedit,
983 3102 1153 3184 σιτηρέσιον
1167 3098 1265 3185 μόνον

163 3192 229 3262 τοῖς
244 3184 504 3265 assuescentem)
524 3183 604 3249 insin
618 3180 746 3248 τάλαντα
757 3182 955 3264 ἐνενήκοντα,
982 3186 1016 3246 id
1035 3196 1097 3263 cst,
1122 3182 1264 3269 ἦεροφῖὴ

161 3272 219 3350 τῆς
238 3261 396 3349 δυνάμεως
418 3260 540 3332 ductui
557 3261 686 3332 sdlavac
716 3274 856 3334 τοσοῦτοι.
880 3273 942 3334 100
964 3268 1124 3332 drachmas
1143 3270 1263 3347 minam,

161 3355 259 3415 minae
273 3350 486 3434 60tale'ntum,
506 3353 654 3413 talentum
667 3359 730 3421 600
750 3374 857 3415 aurcos
877 3353 961 3416 facit.
1002 3354 1082 3415 Hinc
1096 3374 1152 3415 sua
1175 3353 1264 3434 quis-

162 3456 222 3518 que
238 3437 385 3498 arbitratu
396 3437 530 3497 rationes
544 3437 786 3499 llemostlsenicas
800 3447 947 3518 supputet
961 3442 1006 3515 Ἴ,
1033 3448 1064 3500 et
1075 3438 1154 3499 illud
1166 3447 1262 3515 notet,

162 3522 258 3603 equiti
272 3523 397 3601 tn'plnm
413 3521 581 3602 σιτηρέσιον
598 3544 661 3583 csse
678 3522 789 3597 datum,
812 3519 971 3583 drachmas
991 3522 1138 3599 niceam,
1165 3522 1263 3602 pediti

161 3606 269 3668 dcam:
289 3625 417 3685 quorum
432 3626 535 3664 carnes
550 3625 613 3665 esse
626 3607 784 3666 vilissimas
804 3607 938 3685 tulganis
956 3607 1040 3668 iocus
1062 3607 1209 3683 affim1a13
1231 3616 1264 3668 ct

159 3692 219 3773 ipsi
233 3690 343 3751 milites
359 3710 441 3749 suam
453 3690 602 3750 luxuriam
621 3699 652 3749 et
666 3692 815 3752 licentiam
829 3701 1005 3753 excusantes
1028 3693 1127 3767 aiunt,
1157 3692 1263 3752 endem

159 3795 192 3837 sc
206 3773 377 3838 conditione
393 3793 474 3850 esse,
496 3793 556 3853 qna
567 3795 689 3854 porcas,
712 3772 764 3857 qni
778 3776 903 3855 saginati
915 3777 1096 3854 iugulentur.
1117 3771 1229 3839 nous.

222 3878 257 3937 P.
278 3880 330 3942 47.
352 3895 382 3936 v.
404 3879 456 3939 27.
479 3874 663 3960 οινηρὲοιον]
686 3875 807 3939 v.1n‹1.
832 3877 937 3937 Gracc.
959 3897 984 3939 s.
1004 3896 1035 3936 v.
1057 3897 1218 3971 sanamus.
1325 3946 1332 3957 Ι

113 4050 116 4055 ἢ
221 3978 256 4037 Ρ.
277 3978 330 4042 47.
351 3995 381 4035 v.
401 3979 453 4040 27.
481 3981 546 4050 τοῖς
580 3979 826 4060 στροτονομένοιο
854 3972 953 4059 μόνον
987 3981 1028 4060 τῇ
1060 3971 1198 4061 δυνάμει]
1225 3971 1261 4045 sd

192 4189 505 4315 *)181ι;ρρ.ιιοο;ζιὲηιοκῑὶιιο
527 4191 660 4264 Tsylorua
683 4191 712 4246 in
736 4190 839 4246 neatis·
863 4189 983 4262 ptaelat.
1008 4194 1047 4249 ad
1070 4200 1210 4251 naastan.
1228 4211 1257 4264 p.
