2768 4724
91 120 94 127 ¹
171 166 192 226 a

171 325 261 416 qnod
275 336 357 393 'cnm
383 327 530 392 maxime
538 316 770 408 '‘titgerffeis'd
785 326 1030 410 -pr‘oi'e'cidi'niiil
1050 326 1118 394 ¹'Ee
1141 350 1261 418 nempe

170 441 207 493 tn
228 448 377 515 qnoque,
399 429 447 491 mi
463 427 608 507 cingere,
630 429 665 490 in
683 425 778 488 bonis
795 428 862 490 illis
879 426 1096 514 cordatisqne,
1120 451 1262 514 qnorum

169 520 353 615 'proventus
366 548 525 612 nusquam
549 530 709 590 terrarum
731 529 856 613 spissus
876 539 945 605 est,
976 528 1032 612 qni
1050 529 1216 609 fugientes
1242 551 1261 591 e

169 630 267 690 terris
282 629 402 691 nostris
417 629 540 691 veteris
560 624 715 688 Graeciae
735 625 890 711 Latiique
912 627 1026 691 literas
1045 651 1203 693 revocare
1226 643 1261 692 et

167 727 288 800 'sistere
304 724 523 805 contendunt;
548 738 599 805 et,
631 725 718 811 quod
740 728 876 812 propina
893 724 934 788 ad
958 747 1029 790 rem
1050 742 1260 815 praesentem

168 828 260 906 facit,
285 825 519 890 Demosthenis
536 846 750 912 quaecunque
764 824 807 888 ad
822 847 882 889 nos
898 846 1098 913 pervenere,
1123 843 1160 893 tn
1185 832 1262 910 gal-

168 927 235 990 lice
248 924 421 1007 reddidisti
439 927 568 1006 omnia,
591 947 729 1011 eamque
742 928 1071 1013 ,interpretationem
1089 931 1127 991 in
1153 932 1261 992 locem

114 1024 118 1033 '
159 1014 487 1114 'proterniestinam
510 1022 1261 1125 degens,,atindsqnicqnemjtemor'arnqnam
1308 1106 1310 1119 Ι

171 1122 366 1189 dilationem
393 1118 543 1190 mearum
571 1122 613 1190 ad
634 1127 897 1192 Demosthenem
924 1127 1261 1207 animadversionum,

170 1224 244 1288 sine
266 1224 385 1309 quibus
406 1234 482 1290 tnas
502 1231 654 1312 proferte
674 1240 709 1292 te
729 1248 828 1308 negas
851 1224 985 1292 andere.
1027 1228 1102 1292 Non
1122 1241 1159 1290 tu
1177 1228 1262 1291 mihi
1290 1215 1292 1218 Α

170 1324 304 1415 quidem
321 1324 456 1393 auribus
469 1328 555 1391 meis
575 1331 677 1395 verba
693 1327 772 1413 dare
792 1328 918 1391 videris
931 1353 941 1409 ς
953 1351 1041 1393 nam
1057 1352 1115 1393 cnr
1132 1326 1261 1393 facias?

164 1422 231 1489 ¹sed
248 1414 359 1486 aestne
374 1425 560 1521 amorisutni
576 1432 663 1521 nitra
674 1430 835 1497 terminos
851 1439 883 1491 te
896 1431 1028 1509 evexit,
1050 1431 1175 1515 tibique
1192 1430 1263 1491 im.

169 1525 299 1612 poenit,
321 1532 360 1586 nt
375 1526 515 1592 ni'minm
527 1522 611 1594 mihi
625 1526 779 1611 arrogans
793 1529 854 1592 tibi
869 1528 1042 1609 derogares
1058 1532 1145 1613 plus,
1162 1551 1262 1615 qnam

170 1646 230 1711 par
246 1635 325 1689 erat.
370 1626 405 1690 Α
417 1650 538 1692 meone
552 1630 687 1710 ingenio
706 1630 846 1703 exsistat
866 1629 1056 1715 quicquam,
1072 1631 1133 1710 ¹cni
1154 1652 1262 1692 excu-

170 1727 282 1792 dendo
296 1741 392 1793 tnnm
408 1729 454 1795 sit
465 1728 598 1817 impar?
618 1716 759 1805 Videbis
772 1742 845 1795 tnte
856 1732 940 1815 ipse,
957 1730 1121 1813 videbunt
1134 1749 1261 1807 omnes,

88 1882 92 1888 ,
170 1829 229 1891 nbi
240 1850 335 1892 meae
345 1829 386 1893 ad
395 1826 568 1895 Demosth.
584 1820 890 1895 animadversiones
905 1828 1107 1916 prodierint,
1129 1828 1163 1890 id
1172 1826 1262 1913 qnod

170 1932 319 1992 fntnrnm
333 1941 410 1993 ante
425 1929 525 1992 lanius
544 1934 624 1995 anni
647 1931 822 1997 decursum
848 1953 964 2019 spero,
993 1952 1068 2017 cnm
1088 1942 1261 1992 cernentes

170 2029 351 2119 immanem
363 2050 476 2094 earnm
486 2051 506 2092 a
519 2044 610 2095 mete
623 2034 789 2117 proposita
804 2032 994 2121 distantiam
1017 2030 1136 2113 erroris
1156 2028 1261 2094 vestri

169 2140 236 2192 vos
250 2125 375 2215 pudeat
393 2128 651 2223 poeniteatque,
673 2133 710 2196 in
734 2155 832 2218 quem
855 2153 916 2194 vos
939 2153 1005 2193 non
1023 2123 1263 2216 promissorum

169 2234 323 2292 meorum
340 2232 483 2310 vanitas,
506 2230 565 2295 sed
582 2233 838 2318 exspectationis
853 2244 984 2295 vestrae
997 2224 1264 2310 benignitas‘in-

171 2326 281 2392 dnxif.
324 2328 415 2393 Haec'
429 2332 502 2416 i'psa
519 2330 671 2397 enatanti
684 2335 785 2413 mihi,
807 2334 942 2412 Augeae
965 2331 1261 2415 praestantissime,

169 2418 355 2495 redduntur
369 2430 487 2495 literae
507 2434 576 2496 ¹viri
599 2432 780 2496 doctissimi
803 2445 901 2517 atque
923 2430 1093 2495 clarissimi
1101 2416 1262 2511 senmma

168 2548 248 2593 eam
263 2529 362 2594 lande
374 2530 488 2594 literas
504 2533 538 2594 in
561 2518 697 2596 Batavis
713 2522 916 2619 profitentis,
940 2553 1052 2596 rernm
1072 2531 1261 2617 exquisite-

169 2644 247 2692 rnm
261 2640 298 2692 et
313 2630 477 2695 lantarum
491 2624 643 2713 ingentes
657 2633 766 2719 copias
783 2630 825 2693 ad
839 2629 935 2694 Dem.
952 2653 969 2694 a
985 2653 1040 2695 me
1064 2631 1261 2717 exspectari,

172 2730 230 2815 qni
244 2741 314 2793 tam
330 2722 391 2792 din
403 2733 481 2794 hnic
494 2734 589 2797 velut
612 2755 679 2799 ovo
699 2732 938 2797 incubuissent.
981 2731 1122 2819 Possent
1145 2730 1261 2816 ntiqne

170 2832 213 2893 eb
231 2830 298 2894 alio
320 2833 514 2917 exspectari.
541 2830 627 2896 'Sed
647 2852 666 2898 o
689 2855 787 2919 quam
804 2830 874 2910 illi,
896 2851 991 2915 spem
1014 2853 1108 2895 suam
1130 2828 1260 2911 egregie

67 2950 99 3017 ⁰·
169 2930 280 2993 ineam
309 2924 480 3012 videntes,
516 2932 806 2995 stomachabuntur
834 2942 868 2993 et
896 2936 1136 2994 succensebunt
1164 2930 1260 3005 mihi,

170 3030 344 3094 innocenti
358 3025 508 3118 quidem,
531 3034 588 3119 qni
602 3034 688 3093 nihil
703 3052 847 3116 unquam
869 3031 1041 3117 opiparum
1062 3044 1160 3115 atque
1183 3029 1259 3090 sin-

168 3130 285 3212 'g'niare
300 3124 527 3217 promiserim!
550 3132 616 3196 Din
633 3131 766 3218 quidem
781 3135 929 3216 profecto
942 3152 1089 3219 mearum
1103 3127 1145 3193 ad
1158 3127 1256 3192 Dem.

164 3233 424 3296 annotationum
433 3226 615 3296 editionem
631 3232 780 3314 extraxi,
796 3252 912 3295 verum
929 3254 972 3297 ex
984 3252 1155 3317 eolparnm
1169 3242 1259 3293 recte

169 3330 362 3411 colligatur,
385 3356 445 3420 per
457 3356 555 3398 omne
568 3333 651 3396 illud
664 3346 806 3420 tempus,
830 3355 873 3397 ex
888 3354 952 3419 qno
961 3352 1075 3412 graeca
1084 3329 1258 3395 Demosth.

172 3433 278 3493 oratio
295 3452 314 3492 a
332 3452 387 3497 me
403 3426 515 3523 coepit
526 3432 597 3513 edi,
624 3432 889 3523 (quadriennium
906 3438 989 3511 est,)
1012 3432 1072 3495 nni
1085 3418 1258 3498 me'Dem.
1332 3490 1337 3498 .

170 3546 324 3612 vacasse,
347 3554 446 3619 qnem
460 3536 587 3597 interea
602 3530 681 3599 totis
696 3534 863 3598 interdum
883 3535 979 3597 annis
1001 3534 1062 3597 vix
1077 3535 1181 3596 semel
1202 3545 1260 3596 et-
1346 3537 1350 3544 '

171 3638 236 3718 qne
259 3635 382 3697 iterum
403 3635 618 3722 inspexerim.
662 3634 785 3699 Totum
807 3626 913 3719 paene
937 3630 1023 3696 illud
1043 3645 1173 3717 tempus
1195 3633 1260 3695 sibi

169 3724 403 3816 vindicarunt,
419 3735 455 3798 id
472 3736 560 3823 qnod
582 3739 670 3801 inter
691 3757 806 3800 omnes
823 3746 959 3812 constat,
983 3745 1128 3798 oratores
1141 3731 1259 3811 Attici,

170 3836 407 3925 obsessumque
422 3860 476 3902 me
493 3852 591 3925 atque
606 3836 771 3900 addictum
782 3836 846 3898 sibi
862 3835 1119 3917 obstrictnmqne
1134 3846 1262 3895 tenne-

104 3958 107 3965 ·
170 3949 270 4016 runt,-
288 3951 326 4001 nt
339 3940 399 4004 alx
413 3940 594 4005 memoriae
610 3934 847 4001 Demosthenis
861 3936 972 3997 locum
995 3934 1031 3996 in
1052 3933 1162 3996 animo
1183 3952 1260 3995 meo

170 4052 313 4127 necunm
327 4041 562 4129 relinquerent.
591 4032 742 4101 Tandem
756 4036 836 4098 anni
851 4034 1030 4121 superioris
1042 4044 1167 4097 aestate
1180 4033 1261 4096 ine-

171 4149 270 4222 nnte,
293 4162 367 4208 cnm
387 4142 446 4207 vix
468 4139 651 4226 coepissem
670 4135 713 4201 ad
729 4134 826 4203 Dent.
846 4132 974 4216 redire,
1005 4131 1197 4221 indicesqne
1213 4123 1261 4191 ad
