2768 4724
40 294 54 309 ,
156 220 221 285 216
514 193 890 279 ιιιοιιιιοιιιιε

223 386 256 448 Ρ.
277 385 329 452 15·
350 403 381 452 v.
403 391 455 452 21.
472 379 510 448 ml
523 379 580 469 γδρ
591 381 681 451 αοινδ
697 381 734 451 ed
752 384 920 465 Θιιταλιλν]
941 384 1013 447 Ald.
1032 380 1068 449 ad
1084 380 1144 468 pelei
1159 379 1252 449 ιιοιναλ

159 467 223 536 τιῖν
239 473 401 534 Θετταλῶν.
443 470 586 531 Nostrum
604 468 640 533 rel
653 466 711 553 peip
730 467 818 535 κοινὰ
831 467 866 534 τὰ
883 474 1038 534 Θιτταλοῖν
1057 470 1178 544 hebuit,
1197 490 1254 530 ne-

161 556 289 617 ceamria
308 565 339 615 et
359 555 485 634 eleganti
503 556 612 634 priori·
633 555 752 614 articuli
771 556 964 636 repetitione,
983 557 1061 615 eicut
1078 556 1151 613 aliaa
1164 575 1255 633 aaepe
1321 584 1326 593 ·

162 641 244 720 apud
265 638 492 700 Demosthenem
520 642 551 698 in
574 640 718 721 similibus
743 641 887 720 exemplis
913 658 1038 721 cernere
1066 649 1119 699 est.
1151 658 1254 697 oeaor.

162 723 254 801 Quod
274 724 451 803 Obaopoeua
465 724 579 783 iudicat
596 725 794 803 necessariam
813 734 844 785 et
863 725 1023 802 elegantem
1037 733 1068 783 et
1078 720 1256 791 Demosthe·

161 810 261 869 uicem
280 808 389 888 prioris
410 810 529 868 articuli
540 810 765 887 repetitionem,
783 810 827 868 ita
839 808 976 888 prolecto
987 808 1086 868 habet.
1129 807 1256 865 Faciunt

161 901 261 952 tamen
281 913 351 951 cum
366 892 475 952 Aldina
494 893 619 952 Parisini
639 895 779 974 quintus,
801 894 960 974 septimun,
987 902 1128 968 octovua,
1148 892 1253 968 Augu·

162 985 267 1036 etanua
281 977 402 1052 tertius,
423 979 456 1040 P.
468 977 632 1038 Manutius:
657 999 726 1039 cum
744 979 913 1038 Pannonico
932 978 1134 1037 Lockeranua.
1156 995 1253 1037 ιιιιιιιι.

161 1061 275 1141 Accepi
288 1082 325 1124 ex
340 1062 386 1122 ed.
401 1063 465 1120 Per.
487 1057 524 1124 rei
538 1059 595 1145 γὰρ
610 1059 700 1127 noted
716 1057 753 1125 ιδ
768 1066 936 1133 Θετταλῶν,
954 1064 1034 1123 etita
1050 1063 1154 1138 legunt
1166 1061 1255 1120 codd.

37 1148 40 1153 ⁴
164 1146 281 1227 optimi.
301 1166 409 1220 ιιιοιιιι.
435 1147 532 1206 Etiam
545 1147 672 1207 Bekker.
687 1156 717 1209 et
731 1147 871 1225 [rudiger.
891 1142 928 1209 τδ
946 1149 1110 1210 Θετταλῶν.
1139 1143 1254 1204 iunctis

164 1229 309 1290 ambobus
321 1232 454 1291 articulis
472 1232 567 1308 legem
582 1227 619 1294 ed
639 1238 701 1296 miv
716 1235 885 1307 Θετταλῶν,
905 1239 940 1289 ut
961 1250 1050 1311 supra
1063 1251 1093 1288 v.
1106 1236 1136 1294 7.
1149 1224 1186 1291 eol
1201 1233 1258 1292 rori

168 1316 332 1392 Φιλίππου,
346 1317 399 1374 ubi
410 1334 442 1377 r.
452 1325 514 1375 not.
528 1317 562 1376 it.
575 1315 614 1375 ed
627 1336 658 1396 p.
668 1317 718 1392 11,
733 1319 783 1383 16.
798 1322 848 1390 17,
862 1321 911 1380 12.
926 1315 1010 1375 Conl.
1018 1316 1116 1376 Melet.
1127 1314 1174 1373 Cr.
1184 1334 1215 1393 p.
1225 1319 1255 1380 8.

165 1419 225 1479 aq.,
244 1400 296 1458 ubi
315 1399 413 1480 quod,
433 1401 505 1460 satie
524 1399 638 1459 habena
657 1403 689 1460 in
710 1407 883 1460 universum
903 1401 1069 1477 monnicae,
1090 1396 1255 1475 „hellenic-

164 1502 248 1543 mum
259 1482 341 1544 hune
360 1485 479 1544 articuli
500 1504 588 1544 usum
604 1486 655 1545 vel
672 1486 830 1566 imperiose
848 1485 984 1561 flagitare
1005 1486 1057 1544 vel
1074 1482 1255 1564 perlibenter

166 1568 370 1645 adaciaeere,“
389 1568 546 1648 utrimque
565 1570 699 1648 exempla
720 1571 834 1648 generis
853 1569 961 1628 linibus
975 1569 1037 1628 auia
1054 1588 1116 1628 non
1128 1568 1258 1629 circum-

166 1653 284 1734 teripai,
298 1654 424 1714 sortasse
447 1653 607 1714 nonnullos
620 1654 755 1728 induxit,
772 1665 807 1713 ut
820 1655 932 1734 peaaim
944 1653 981 1714 de
994 1655 1165 1713 coniectura
1178 1652 1259 1712 inae·

165 1748 269 1798 rorent
286 1740 461 1813 articulum,
489 1739 542 1815 qui
564 1758 626 1798 nou
647 1740 804 1818 imperioae
824 1738 1016 1816 flagitaretur.
1058 1737 1118 1796 Sed
1138 1737 1165 1795 ai
1185 1736 1261 1816 quid

166 1820 225 1883 heo
243 1825 275 1881 in
287 1843 321 1883 re
335 1845 353 1882 e
365 1823 436 1883 viria
452 1822 550 1882 doctis
573 1825 764 1883 commissum
783 1833 843 1898 eet,
861 1839 1029 1902 nunquam,
1051 1821 1135 1900 quod
1152 1824 1259 1880 memi-

166 1908 278 1981 nerim,
298 1907 358 1967 tale
371 1909 447 1983 luit,
469 1907 519 1966 eui
530 1907 609 1986 leger
623 1918 784 1989 eyntaxeoa
798 1910 930 1967 Graecae
951 1914 1160 1986 repugnarent.
1197 1907 1259 1963 lle·

166 1989 336 2053 merthenee
349 2013 380 2074 p.
395 1994 467 2057 253.
488 2002 564 2052 extr.
585 1995 639 2072 τῆς
657 1992 690 2057 dl
707 1985 934 2075 ἆναγοριιίσιοις
951 1997 1006 2055 τοῦ
1024 1983 1177 2067 σιεφίιυου
1196 1989 1260 2052 lm·

167 2079 347 2156 μιληθῆναι.
382 2075 636 2136 Wunderlichiua:
664 2077 858 2155 „Legendum
881 2098 919 2138 ex
944 2076 1032 2152 legib.
1057 2075 1129 2150 ling.
1154 2075 1259 2132 Graec.¹

166 2164 222 2239 τῆς
238 2163 333 2224 τοδ.“
375 2161 476 2222 Potuit
493 2161 539 2219 aie
562 2161 670 2239 scribi,
699 2183 759 2220 non
778 2165 849 2221 item
870 2161 1014 2240 oportuit.
1057 2160 1151 2236 Igitur
1167 2156 1261 2217 laudo

133 2282 139 2295 ·
168 2241 248 2304 lianc
274 2245 410 2307 notulam
437 2246 468 2305 in
495 2247 588 2304 altera
615 2245 835 2307 Wunderlichii
863 2245 990 2306 editione
1020 2242 1157 2302 omiaaam
1188 2263 1261 2303 erae.

168 2328 231 2389 Iem
248 2327 412 2389 humanior.
428 2329 502 2409 quid
523 2329 603 2390 dicet
621 2330 661 2392 de
684 2332 821 2406 Oeanno,
841 2331 893 2409 qui
905 2326 1179 2401 Wunderlioltimn,
1200 2348 1261 2387 non

150 2432 280 2477 *curans
306 2415 371 2476 aive
391 2413 484 2493 ipsius
508 2408 563 2489 τὰς
585 2415 723 2497 δευτέρας
748 2419 913 2496 φροντίδας
936 2414 1000 2474 eive
1023 2412 1149 2472 lliarenii
1174 2414 1263 2471 omit·

170 2498 260 2558 tentia
279 2518 399 2558 menum
418 2499 559 2575 ornicum,
585 2511 712 2582 propter
729 2501 780 2560 illa
801 2500 873 2559 olim
893 2500 983 2578 paulo
1005 2497 1132 2557 calidius
1150 2497 1263 2576 scripta

170 2584 299 2663 nuperis
314 2583 554 2643 insimulaverit'?
584 2585 661 2662 Lege
680 2596 710 2644 et
727 2585 835 2645 mirare
850 2603 927 2662 quae
946 2584 995 2643 vir
1016 2582 1123 2642 do'ctua
1138 2591 1168 2641 et
1179 2581 1264 2658 inge-

171 2660 290 2746 nicam,
317 2667 370 2728 aed
390 2668 555 2743 interdum,
584 2678 619 2729 ut
646 2669 720 2729 mihi
740 2669 876 2745 videtur,
906 2663 1133 2746 νεανιευόμενος
1157 2665 1189 2722 in
1213 2665 1264 2723 ln·

172 2751 276 2831 acript.
294 2751 345 2815 lil.
367 2773 398 2832 p.
419 2758 490 2821 128.
512 2752 686 2833 disputavit.
728 2755 852 2831 Perget,
874 2752 1087 2832 plaudentibua
1104 2748 1206 2824 nebia,
1226 2749 1265 2809 de

131 2842 133 2845 ’
171 2835 259 2897 λιοιιίι
278 2836 387 2898 litteris
396 2838 473 2898 bene
487 2837 612 2915 mereri,
632 2837 686 2898 aed
699 2845 766 2913 ταῖς
783 2834 927 2913 Μούσαις
939 2831 993 2912 τοὶς
1008 2832 1142 2919 Χάριτας
1155 2844 1271 2919 cumo:

172 2918 326 3004 ταμιννδς,
340 2923 500 3002 ααλλίσιην
516 2923 669 3003 συζυγίαν.
694 2943 853 2983 cernerer.

234 3007 267 3065 P·
291 3007 339 3073 15.
361 3025 390 3064 ι’·
413 3011 463 3071 22·
485 3005 564 3084 δέοι]
580 3008 681 3079 Quum
695 3010 770 3067 alter
784 3028 839 3087 per
854 3006 1019 3066 orationem
1030 3004 1204 3065 indirectam
1217 3003 1265 3062 in-

173 3089 304 3163 ducitur,
312 3087 394 3148 haud
405 3110 474 3149 rnre
489 3093 640 3169 optativus
650 3092 713 3152 eine
727 3092 936 3152 coniunctione
945 3101 975 3149 et
985 3086 1025 3152 do
1039 3090 1171 3168 ponitur.
1192 3087 1266 3145 Vide

173 3171 315 3233 Matthiae
333 3174 384 3233 Gr·
398 3175 449 3234 Gr·
458 3173 568 3254 §522
583 3182 612 3242 8.
629 3175 703 3238 Δὲοι
714 3179 838 3240 διοικεῖν
851 3196 894 3234 ec.
909 3167 1027 3247 αὐτούς.
1056 3173 1102 3232 Ad
1116 3172 1268 3234 daiinter-

174 3256 247 3318 dum
260 3257 425 3318 infinitivus
439 3259 563 3361 ponitur
575 3259 637 3320 aine
651 3261 796 3320 subiecto.
807 3281 839 3339 p.
855 3265 924 3325 103.
940 3260 962 3318 l.
982 3266 1011 3326 3.
1033 3280 1056 3316 s.
1079 3252 1137 3338 ἐγώ
1159 3252 1191 3320 δ’
1205 3256 1238 3318 οί
1254 3289 1266 3302 ·

173 3365 229 3424 μαι
242 3335 300 3421 τὴν
313 3341 369 3422 μὲν
382 3344 506 3424 ιίοηνην
522 3337 606 3426 dyene
621 3336 677 3422 οὐχ
689 3339 770 3424 ὑμᾶς
785 3348 848 3408 δεῖν
863 3347 1000 3408 πείθειν·
1022 3336 1104 3421 ὑμᾶς
1117 3350 1162 3400 est
1177 3360 1270 3399 accu-

175 3426 287 3485 eativue
301 3428 418 3505 obiecti,
434 3429 602 3488 subiectum
614 3449 686 3488 vero
701 3429 903 3511 supplendum
915 3421 995 3491 τινά.
1022 3426 1160 3485 Reiekiue
1176 3425 1270 3484 inter·

47 3551 50 3559 ·
175 3511 247 3570 dum
262 3514 397 3572 mutavit.
419 3513 469 3572 Sic
480 3509 699 3594 κατᾶἈνδροτ.
714 3537 745 3595 p·
764 3518 835 3580 605.
850 3514 871 3572 l.
885 3518 937 3579 27·
952 3534 975 3571 ⁸·
991 3507 1048 3593 lyei
1062 3502 1093 3573 δ’
1111 3505 1195 3589 οίμαι
1208 3513 1271 3571 δεῖν

175 3588 581 3740 ιιιιιιιλιι
594 3590 750 3742 ιιι-ιιι
912 3594 1271 3741 ιιιιιιλιι·
1319 3675 1322 3683 -

176 3766 274 3840 Etiam
288 3723 391 3826 Lolini
404 3724 515 3846 oportet
529 3703 737 3827 eodenillndllo
751 3703 947 3828 eclrliitluililll.
966 3703 1067 3825 (ls.’od
1083 3700 1273 3820 Ciceronlldld

177 3849 228 3910 lin.
250 3850 281 3908 b.
303 3860 333 3910 et
350 3872 389 3909 m.
409 3850 433 3909 1.
453 3870 480 3908 ο.
501 3854 531 3913 9.
553 3871 656 3910 auem.
699 3854 766 3913 lion
784 3854 891 3913 mirum
903 3852 934 3910 in
949 3849 1168 3910 hecatructure
1184 3856 1273 3924 optu-

88 3984 91 3989 ,
177 3936 274 3994 tivum
287 3935 360 4014 poni
375 3935 437 3994 eine
451 3937 656 3995 coniunctione
664 3950 691 3994 τι
705 3932 761 4012 ὃν,
782 3941 894 4017 quippe
906 3947 1044 3996 neutrum
1060 3931 1131 3990 addi
1145 3932 1271 4010 petitur.

178 4019 357 4078 Coniunctio
379 4019 500 4100 quidem
520 4040 581 4078 non
602 4020 696 4098 magia
717 4023 817 4081 locum
833 4020 928 4080 habet
946 4040 1033 4100 quam
1047 4017 1077 4074 in
1092 4017 1271 4074 vernaculo:

179 4098 255 4161 deren
269 4101 367 4163 ιίουοιι
387 4107 481 4162 miiese
496 4127 565 4162 man
577 4135 630 4162 -.
675 4105 823 4165 Particula
841 4100 881 4169 dv
901 4114 1002 4164 eutem
1018 4110 1179 4182 propterea
1202 4100 1273 4159 eddi

178 4185 302 4265 nequit,
331 4185 413 4267 quod
438 4187 538 4248 addite
566 4209 685 4248 aeneum
713 4199 908 4269 perverteret
950 4187 1079 4248 Omnino
1103 4186 1213 4244 ratibus
1241 4185 1274 4241 in

127 4298 132 4305 ·
178 4272 255 4333 locie
272 4269 349 4331 nihil
362 4291 417 4333 uec
431 4272 543 4334 ineoliti
555 4291 612 4335 uec
625 4273 766 4358 elliptici,
783 4270 952 4337 redomuit
962 4272 1068 4336 ordine
1079 4267 1275 4352 procedentia
