2768 4724
183 210 281 274 so·
368 186 371 191 ’
482 198 955 280 ,ιιιιιιιιιοιιιι
1033 235 1038 243 ,

183 379 269 455 sequi
285 352 477 457 procuribst,
506 387 543 438 ut
563 375 751 441 incommode
770 373 927 433 cubatione
952 375 1071 434 occasio
1093 377 1121 438 ei
1136 377 1278 456 surgendi

66 462 67 467 ἵ
97 460 105 497 ⁷
182 480 389 559 tempestivius
406 477 619 546 exhsbereturl
641 477 716 550 Quis
737 472 769 535 id
789 498 851 535 aon
865 477 1006 554 celebrat,
1029 497 1098 538 curn
1113 499 1145 538 se
1159 480 1279 539 sutela-

184 581 265 640 osnis
285 582 442 641 fabrorum
457 579 568 661 ,vigitiis
588 579 723 654 superari
749 599 835 656 segre
851 579 989 638 ferebat?
1021 580 1120 653 Quem
1141 581 1195 641 illa
1214 580 1278 640 eius

183 682 336 759 diligentia
350 703 411 741 non
425 688 536 753 movet,
560 697 628 736 cum
643 678 682 737 ud
700 677 890 739 Phalericum
905 682 1062 759 profectus
1077 681 1116 741 sd
1128 680 1277 741 undarum

174 783 315 859 *fingeres
332 782 456 842 calculis
471 782 561 839 etiarn
569 781 607 837 iu
621 799 675 839 ore
688 782 794 840 sumtis
807 782 1014 860 pronamciare
1023 785 1175 844 orationes
1189 803 1278 843 asue-

176 883 293 976 scebat,
316 904 376 963 quo
389 892 493 963 postea
515 890 545 940 et
568 881 677 943 elatius
688 883 779 942 verbs
793 885 953 962 proferret,
977 895 1007 944 et
1023 886 1203 975 tumultibus
1219 907 1277 965 po-

64 1022 69 1033 a
181 972 248 1066 puli
267 1006 329 1045 non
350 983 580 1044 exturbaretur?
609 983 708 1058 Quid,
730 1003 801 1043 cum
824 986 929 1062 gladiis
949 987 989 1051 tie
1011 997 1092 1047 tecto
1112 987 1276 1065 suspensis,

179 1087 227 1149 ita
240 1108 326 1167 pene,
348 1097 385 1145 ιιι
397 1084 540 1144 humeros
558 1085 745 1162 attingerent,
771 1085 851 1144 domi
872 1107 904 1146 se
922 1087 961 1146 sd
979 1086 1140 1148 dicendum
1155 1107 1278 1148 exerce-

177 1189 245 1265 -,bat
267 1210 304 1249 ne
327 1173 412 1266 gestu
429 1186 549 1247 humeri
565 1186 765 1264 incomposito
780 1186 927 1246 actionem
939 1199 1156 1270 corrumperet,
1177 1204 1277 1249 noune

183 1293 299 1352 animos
313 1289 467 1349 hominum
483 1266 584 1369 capiti
606 1288 690 1346 Hanc
705 1287 797 1364 igitar
815 1289 1105 1367 pronunciationem,
1127 1289 1176 1350 cui
1187 1308 1278 1368 prse-
1310 1278 1316 1288 ’

184 1395 273 1472 cipue
291 1391 349 1450 sibi
366 1390 601 1452 incumbendum
617 1389 731 1447 censuit
741 1384 795 1447 hic
811 1398 926 1465 auctor,
949 1386 1093 1470 cuiusq'ue
1115 1390 1278 1470 praecipue

176 1493 309 1572 -glorisra
326 1491 448 1551 videtur
472 1492 661 1573 appetivisse,
685 1490 883 1569 praecipuum
903 1494 1070 1570 quoquein
1085 1492 1149 1570 eius
1164 1490 1278 1548 cretio-
1300 1516 1305 1525 ·

180 1595 269 1655 ssibus
290 1595 392 1653 locum
412 1594 546 1652 obtinere
568 1590 801 1653 existimandum,
825 1602 887 1666 est,
909 1602 954 1668 ut,
978 1614 1047 1653 cum
1070 1613 1119 1651 eas
1140 1591 1276 1669 legimus,

174 1718 244 1759 ason
256 1696 347 1756 modo
363 1695 486 1754 caeteris
507 1693 632 1752 aliorum
656 1693 787 1752 omnium
803 1703 1026 1773 csstepoasmus,
1047 1693 1102 1753 sed
1117 1693 1186 1771 quia
1203 1712 1277 1770 pro-
1372 1766 1375 1771 Ι

177 1797 403 1860 'nancmtiauem
424 1793 555 1853 auctoris
578 1794 675 1852 animo
699 1795 893 1874 concipimus,
914 1795 994 1874 ipses
1012 1816 1046 1855 ss
1067 1793 1141 1872 ipsis
1156 1810 1277 1870 quoque

180 1920 247 1963 esse
265 1895 506 1970 admirabiliores
527 1895 706 1971 iudicemus,
729 1907 760 1956 et
779 1897 858 1975 plus,
882 1917 971 1976 quam
992 1898 1136 1974 legamus,
1163 1894 1278 1953 intelli-

175 2018 297 2079 gamus,
319 2007 348 2058 et
367 1997 440 2058 licet
462 2018 527 2059 vox
549 1997 612 2057 eius
626 2017 685 2056 uon
699 1995 846 2074 audiatur,
868 2019 986 2078 semper
1001 2008 1098 2058 tamen
1113 1996 1277 2058 adversarii

181 2102 247 2161 eius
268 2121 345 2160 voce
366 2099 420 2160 illa
444 2119 531 2159 aures
552 2107 673 2159 nostrae
697 2109 864 2177 personent,
888 2100 1009 2178 quidsi
1030 2101 1130 2180 ipsam
1153 2099 1276 2162 audire-

175 2203 268 2265 -m'asl
291 2212 325 2262 ut
341 2200 568 2284 uonimmerito
583 2199 778 2259 Macedonum
798 2221 853 2260 rex
865 2199 1034 2280 Philippus,
1056 2210 1162 2262 contra
1185 2221 1275 2279 quem

171 2305 290 2366 -scsiter
307 2299 654 2381 sescenisnummis,
683 2319 750 2359 cam
772 2300 801 2359 ei
818 2301 959 2362 recitatae
984 2302 1135 2363 orationes
1157 2302 1275 2380 aliquae

172 2406 244 2464 -eius
258 2413 363 2478 essent,
384 2386 526 2480 nequeas
540 2402 633 2461 alium
647 2401 825 2479 quemdam,
847 2423 936 2480 quam
952 2403 1061 2482 ipsum,
1083 2405 1115 2464 in
1127 2405 1207 2464 bello
1221 2403 1276 2464 sd-

178 2525 301 2567 versum
310 2525 350 2564 >se
363 2504 564 2567 oonssdtorem
578 2484 668 2561 fuisie
680 2503 846 2562 electurum
859 2504 978 2564 dixerit.
1002 2509 1211 2585 orationesque
1225 2505 1276 2584 ip»

173 2626 228 2665 -sss
245 2604 358 2683 obvim
373 2605 508 2678 actionis,
531 2624 620 2682 quam
635 2624 707 2683 prae
727 2625 759 2663 se
771 2605 916 2679 serebant,
938 2625 1007 2665 cum
1025 2606 1166 2668 Isocratis
1182 2626 1275 2688 ‹usas-

174 2705 248 2771 .dam
271 2704 390 2764 athletis
410 2727 426 2764 e
444 2707 592 2784 palaestra
615 2706 724 2765 siuules
742 2706 911 2767 sibi‘videri
924 2708 1108 2783 asseruisset,
1128 2707 1273 2767 militibus

179 2808 491 2887 comparavitqaippa
499 2809 751 2886 cumitaurgesn't
760 2828 957 2887 remsemper,
966 2809 1008 2866 ita
1021 2810 1141 2882 instent,
1149 2807 1192 2867 ita
1199 2827 1273 2869 vero

179 2908 340 2971 cartamine
359 2917 392 2967 et
409 2930 471 2968 nou
495 2911 647 2971 umbratili
668 2931 787 2993 semper
804 2920 938 2983 utamur,
960 2918 995 2967 ut
1013 2918 1129 2993 terrere
1144 2910 1272 2970 veritate
1373 2990 1376 2997 Ι

173 3011 243 3089 -ipsa
271 3019 300 3068 et
331 3029 437 3086 aegere
458 3010 627 3092 videantur.
679 3011 810 3081 Tametsi
830 3008 904 3070 mihi
924 3008 1045 3088 quidem
1064 3012 1168 3084 etiam,
1199 3011 1270 3070 dum

176 3108 242 3186 lego
257 3107 494 3187 Demosthenem,
524 3132 665 3190 arrogans
691 3113 741 3172 illa
760 3113 904 3190 Gorgiae,
929 3120 958 3171 et
979 3111 1172 3188 Protagorae,
1195 3112 1272 3171 alio-

169 3227 304 3286 rumque
323 3219 461 3270 veterum
480 3212 680 3292 sophistarum
703 3214 850 3294 professio
873 3233 939 3273 noni
959 3211 1122 3272 adnsodum
1141 3212 1272 3281 absurda

168 3318 312 3388 apparet,
335 3329 394 3388 qua
414 3312 572 3392 discipulis
594 3317 655 3374 suis
676 3317 906 3395 pollicebantur,
923 3331 957 3371 se
981 3332 1032 3370 eos
1051 3333 1114 3374 esse
1135 3322 1198 3375 arte
1210 3335 1270 3375 *sua
1334 3327 1339 3334 '

177 3410 312 3470 civilium
328 3413 575 3492 agendaramqae
595 3437 697 3476 rerum
712 3419 826 3498 peritos
843 3413 1088 3475 esseefl'ectures.
1110 3415 1185 3475 Nam
1199 3418 1224 3478 si
1238 3417 1271 3476 id

174 3511 341 3588 intelligere
352 3515 504 3590 volebant,
527 3517 552 3575 si
570 3518 642 3596 <quis
663 3529 746 3579 recte
769 3523 931 3597 praecepta
948 3516 1020 3580 ortis
1033 3516 1140 3578 suisset
1154 3534 1271 3596 sequu'·

175 3621 234 3703 tus,
265 3623 355 3692 atque
377 3638 415 3675 ex
437 3638 540 3678 corum
558 3620 763 3698 praefinitione
777 3618 808 3675 ia
822 3616 993 3676 civitatibus
1007 3628 1178 3697 opportune
1192 3617 1269 3677 deli·
1363 3630 1366 3635 ’

174 3712 352 3790 beralioaes,
383 3727 413 3777 et
434 3719 555 3793 iudicia,
576 3721 624 3778 uel
650 3719 737 3778 etlam
763 3718 1031 3780 deusaastrationes
1044 3725 1266 3799 pertractasset,

165 3834 244 3879 :sum
271 3836 331 3875 non
351 3819 531 3880 mediocrem
545 3821 663 3879 ciuilem
675 3819 836 3898 peritism'
828 3842 859 3881 ιιι
872 3822 1056 3882 orationibus
1071 3819 1133 3877 suis
1146 3836 1219 3896 prae
1233 3838 1267 3881 se

169 3915 314 3992 laturum,
337 3922 416 3999 quis
413 3943 476 3981 non
490 3920 579 3993 videt,
601 3929 635 3979 ut
650 3921 783 3980 omittam
802 3922 921 3985 iuterim
933 3920 1115 3980 inventionis
1130 3936 1266 3995 acsunen,

155 4015 376 4098 ¹dispositionis
389 4034 458 4102 apta
481 4030 638 4095 momente,
662 4023 860 4101 eloquutionis
875 4021 1091 4083 diluciditatem
1114 4029 1144 4080 et
1165 4021 1267 4099 graui-

173 4129 261 4196 stem,
291 4144 326 4181 ac
348 4124 468 4182 demum
499 4122 625 4182 actionis
646 4144 791 4183 suminam
811 4125 881 4198 vim,
911 4143 970 4202 qua
993 4132 1136 4201 tanquam
1158 4122 1267 4200 spiritu

175 4222 306 4299 quodam
330 4224 448 4302 reliqua
466 4224 567 4285 amuis
583 4234 686 4293 noster
709 4223 759 4287 hic
777 4234 884 4294 ,orator
906 4223 1063 4299 animavit,
1094 4233 1209 4287 natam
1234 4223 1266 4289 its
