2768 4724
390 164 484 286 ‘sn
511 218 942 331 nenosrurusn.
1052 330 1056 335 Ι
1174 229 1218 303 u
1254 210 1293 229 ”

181 394 300 457 interea
316 404 439 470 mrtem,
469 394 542 455 dnm
559 390 602 455 Ta
620 394 695 457 illuc
720 393 857 473 requitur
883 403 913 457 et
932 395 966 457 in
982 396 1104 459 civilem
1125 396 1217 459 vitam

117 478 283 559 comitatur
302 497 464 575 gratsdatio
482 505 602 570 nostra,
626 498 752 572 nescio,
775 493 859 574 quod
875 514 966 572 gmus
980 497 1087 563 'laudii¹
1109 508 1141 574 st
1153 499 1217 561 vir„¹
1299 534 1308 549 .

118 599 193 659 tntis
208 608 262 658 ant
274 600 448 679 adriperem
461 597 563 680 prius,
584 607 638 657 aut
654 598 704 658 cui
721 597 895 657 insisterem
906 596 1066 661 iuuenum
1102 598 1217 661 bieme*

10 746 13 753 .
116 720 219 760 remne
239 720 446 775 rnormcmt,
460 736 463 740 ·
478 718 572 785 quum
591 718 651 758 ruo
672 717 768 772 anor,
802 697 835 756 in
855 699 933 775 ipso.
949 697 1110 762 iuventutis
1130 703 1216 779 dore,
1344 700 1349 715 '

115 801 340 878 administrasti,
365 821 479 877 summu
492 821 562 862 cum
576 799 709 859 omnium
721 799 943 889 exspectatione
961 799 1077 876 editam,
1099 813 1130 862 et
1141 824 1217 887 pro-

114 913 252 965 curatam
269 904 482 979 admiratione,
505 893 536 962 et
553 900 690 961 relictum
711 898 882 980 desideriol
912 901 944 958 Si
964 899 1139 963 domesticas
1160 924 1217 987 no7

115 1016 195 1066 atras
210 1013 240 1064 et
253 1007 348 1083 magis
363 1013 505 1087 proprias
518 1005 676 1064 felicitates
690 1003 837 1076 recolam,
857 996 900 1060 rbi
916 1002 1086 1073 meminisse
1101 1015 1218 1084 oportet

115 1094 262 1167 summum
279 1124 348 1165 cum
360 1086 477 1166 orrmo
492 1125 570 1164 aeon
588 1088 711 1182 gretiam
719 1148 728 1178 ,
751 1114 782 1163 et
795 1113 915 1164 nostrae
926 1104 1113 1184 ,reipublicae
1125 1102 1218 1166 ratio-¹

116 1229 169 1268 nea
194 1211 326 1266 maxima
345 1208 437 1267 unimi
453 1210 634 1281 constantin,
655 1205 824 1265 incredibili
844 1207 953 1284 ingenii
963 1188 1092 1288 vigore,¹
1106 1207 1218 1287 optimo

113 1309 243 1370 consilio
268 1319 301 1369 et
320 1310 481 1387 sapientie,
508 1306 635 1366 feliciter
658 1307 866 1391 etrigilanter
884 1309 1002 1387 saepius
1027 1310 1222 1387 gubernetis.¹

112 1411 284 1470 Meminisse
304 1409 475 1489 oportebit,
506 1409 603 1487 qualis
624 1416 813 1488 quantusque
829 1408 921 1467 fueris
947 1410 980 1468 in
1001 1420 1107 1471 senatu
1122 1421 1167 1471 'et
1183 1413 1219 1471 in'

113 1511 266 1570 conciliis:
303 1530 448 1569 summam
478 1518 568 1592 atque
597 1507 804 1569 incredibilem
826 1509 953 1586 gratiam
981 1513 1217 1594 grauitatemque

113 1612 348 1685 sententiarum,
369 1609 539 1670 facundiam
558 1611 591 1669 in
604 1630 699 1686 voce,
727 1609 918 1670 severitatem
932 1594 1216 1695 affirmationemque

111 1715 146 1772 in
162 1713 269 1787 vultu,
290 1714 323 1772 in
344 1712 456 1786 oculis,
478 1709 601 1786 babitu,
630 1720 730 1790 gestu,
758 1720 823 1770 toto
839 1709 968 1790 denique
983 1734 1111 1794 corpore
1126 1728 1216 1776 natu-

112 1814 209 1875 ralem
233 1814 383 1893 quandum
406 1822 437 1873 et
457 1813 619 1892 ingenitum
645 1813 708 1871 vim
725 1821 758 1872 et
776 1812 985 1891 eloquentium.
1034 1815 1070 1875 ln
1087 1819 1215 1897 negotiis

111 1915 243 1996 publicis
261 1914 476 1996 expedinndis,
499 1923 612 1997 quanta
633 1914 770 1974 alacritas
786 1916 849 1974 sine
864 1917 1081 1995 trepidatione,
1103 1929 1215 1996 quanta
1253 1922 1256 1929 '

111 2017 282 2096 vigilantia,
316 2016 631 2099 mmmmm
663 2016 753 2101 enimi
776 2016 1150 2113 remiqsioneooniunctal
1178 2021 1214 2080 In
1272 2050 1275 2055 ·
1340 2007 1354 2107 ,-

54 2186 59 2198 Ι
113 2128 306 2198 quaestorum
337 2118 563 2196 scribarumque
586 2116 687 2197 operia
710 2116 874 2177 excitandis
896 2110 1046 2178 nodus³et
1065 2119 1214 2195 insolitus,
1268 2108 1271 2113 ¹

112 2218 169 2279 sed
178 2218 365 2298 reipublicae
382 2219 556 2282 utiliuimus
577 2218 682 2294 ardor,
705 2220 768 2283 sine
792 2221 924 2299 strepitu
929 2263 952 2294 ,‚
971 2221 1034 2281 sinc
1057 2200 1221 2297 molestiis,-

111 2332 145 2384 et
169 2322 233 2381 sere
257 2321 320 2380 aine
340 2321 440 2400 specie
463 2320 643 2397 diligentiae.
680 2320 720 2385 ,In
741 2323 908 2399 legatorum
925 2321 1054 2400 deniquo
1074 2341 1215 2401 congres-

109 2423 196 2483 sibus
209 2423 346 2482 elucebat
358 2441 472 2481 summa
485 2431 515 2481 et
529 2423 659 2482 maxima
674 2423 873 2502 experientia,
896 2442 946 2496 ea,
969 2440 1046 2502 quac
1065 2422 1214 2505 cuiusque

110 2525 240 2585 nationis
263 2532 337 2584 rota
362 2531 392 2583 ct
410 2523 602 2582 necessitates
624 2543 701 2604 pene
723 2530 940 2599 anteverteret5
966 2525 1098 2585 munima=
1112 2504 1213 2589 tamen
1245 2554 1247 2559 ¹

110 2626 224 2707 ubique
237 2626 361 2685 comitas
367 2670 377 2700 ,
398 2624 569 2704 nequetdlu
584 2645 640 2706 per
652 2626 846 2705 interpretem
860 2626 966 2687 oratio.
1052 2654 1074 2672 ν
1160 2654 1163 2661 ·
1215 2636 1220 2647 “

174 2728 285 2788 Verum
296 2771 305 2802 ,
334 2727 382 2786 uti
401 2730 501 2786 oratio
527 2737 630 2786 nostra
649 2748 666 2786 a
686 2732 886 2787 nenosrnere
913 2747 1021 2789 exorsu
1042 2730 1163 2789 tandem
1180 2717 1221 2791 in*

111 2817 180 2890 aius
206 2829 320 2889 editore
339 2826 472 2904 desinat,
499 2828 616 2888 abunde
633 2826 709 2885 milri
733 2828 884 2903 gratulor,
906 2828 1035 2886 obl'at'am
1055 2836 1119 2889 ess‘e
1133 2830 1213 2889 hanc

111 2931 386 3010 opportunitatem,
408 2929 463 2989 nbi
476 2939 549 2988 rote
564 2927 687 3009 publice
703 2943 879 3004 nuncupere
892 2927 1023 3017 possim,
1046 2937 1082 2986 ut
1093 2928 1153 2988 b‘oc
1165 2950 1215 2989 se-

109 3031 246 3090 dulitatis
259 3050 343 3091 mese
356 3040 387 3091 et
399 3026 568 3110 diligentiae
580 3030 789 3110 qualecunque
808 3028 1033 3088 monumentum
1053 3029 1099 3090 ita²
1124 3031 1213 3090 etiam

105 3136 290 3212 perpsmum
314 3131 352 3191 st
373 3142 580 3212 argumentum
602 3130 694 3192 anmi
711 3129 781 3189 rin
799 3129 942 3217 masque
965 3115 1224 3209 ‹tignimtsddiae

109 3234 245 3293 ctissimi.
289 3234 449 3313 Nunquam
471 3243 571 3294 autem
589 3235 749 3294 illucescet
765 3232 817 3291 ille
838 3231 922 3309 dies,
942 3233 997 3294 ubi
1016 3238 1104 3310 rota,
1135 3251 1225 3315 quae·

105 3354 167 3414 pro
187 3335 230 3393 Te
250 3355 413 3415 nuncupo,
442 3336 572 3395 utilitate
593 3334 893 3416 potius'extorqueri
912 3334 1088 3411 videantur,
1121 3353 1224 3416 quum·

106 3435 171 3494 fida
182 3435 252 3495 Tibi
264 3435 379 3496 deberi.
421 3437 525 3515 Neque
544 3437 658 3497 interce
678 3435 754 3497 baec
766 3435 903 3510 ecdico,
924 3456 985 3515 quo
999 3437 1164 3518 quidquam
1178 3441 1212 3498 in
1280 3516 1283 3521 .

107 3536 167 3595 bac
185 3546 292 3597 nostra
309 3538 455 3601 tenuitate
480 3548 535 3599 snt
548 3537 620 3599 Tuis
637 3537 802 3597 rationibus
823 3536 1004 3614 adiumenti,
1032 3550 1085 3605 aut
1106 3542 1225 3620 reipu·,

104 3638 203 3700 blicas
217 3638 414 3698 emolumenti
431 3639 568 3701 futurum
581 3653 647 3698 'esse
660 3637 800 3714 arbitrer,
821 3654 928 3699 rernm
943 3650 978 3700 ut
989 3642 1091 3721 palem
1108 3643 1225 3713 dem,

105 3746 220 3815 rarum,
242 3738 277 3798 id
299 3740 383 3819 quod
403 3760 469 3801 mea
490 3740 624 3803 conditio
644 3741 777 3820 patitur,
800 3749 953 3803 nemore
971 3743 1140 3819 postulunt,
1161 3762 1210 3803 me

105 3840 219 3900 millius
237 3841 362 3901 omnino
378 3841 531 3917 beneficii,
550 3878 554 3883 -
570 3841 669 3920 qualia
688 3841 784 3901 multa
803 3843 838 3901 in
861 3863 909 3902 me
926 3841 1097 3917 contulisti,
1119 3863 1226 3922 posse.

106 3961 175 4001 csse
195 3945 411 4005 immemorem.
456 3944 597 4007 Omnium
620 3951 719 4004 autem
749 3943 916 4009 novissimo,
939 3941 1053 4022 gratiae
1073 3943 1155 4004 Tuae
1175 3945 1226 4004 et.

102 4046 358 4107 commendationi
379 4044 492 4120 debeo,
522 4043 605 4125 quod
623 4044 661 4104 iis
676 4045 796 4105 adiutus
822 4056 939 4107 tantum
958 4045 1042 4128 apud
1062 4047 1208 4128 optimum

100 4147 276 4227 praesulem
292 4146 546 4221 Lincolniansam,
566 4165 685 4225 morum
699 4155 730 4207 ot
741 4148 899 4212 sanctitate
911 4149 1023 4225 puriter
1038 4157 1068 4209 et
1086 4149 1207 4226 elegen-
1224 4180 1228 4199 =

97 4248 145 4307 tia
161 4249 373 4329 spectabilem,
394 4247 543 4324 valorem,
565 4257 600 4308 ut
613 4267 736 4319 munero
749 4247 802 4318 illo
825 4244 1015 4325 honorifico,
1038 4265 1098 4325 quo
1113 4246 1230 4321 hodie,
