2768 4724
413 248 482 315 AD
508 247 924 319 Dnnosrnssnnm.
1161 258 1207 351 63
1268 260 1273 267 ’

106 441 194 483 cesse
221 431 275 482 est
318 421 365 482 Me
381 421 501 501 quidem
521 421 666 483 inmultis
686 424 883 487 incommodis
904 435 934 485 et
958 423 1096 502 malignis
1115 424 1204 483 meu-

106 525 201 585 strise
225 543 310 585 meae
334 543 370 583 ac
391 523 505 584 misens
521 525 659 604 praemiis
680 546 743 586 nen
760 547 872 607 parum
896 525 943 608 (ut
960 525 1097 604 ingenue,
1120 523 1204 604 quod
1261 592 1265 600 ¹

105 626 215 700 sentio,
238 623 346 706 fatear)
365 625 537 688 consclatur
549 647 629 707 spes,
644 627 726 707 quod
743 629 832 690 valde
847 626 981 705 suspicor
992 627 1067 704 sore,
1089 624 1205 707 (siqua

103 728 198 787 modo
211 727 287 788 fides
300 727 388 786 astris
401 724 514 806 est)'ut
536 729 624 787 etiam
644 739 715 808 post
736 731 850 789 obitum
872 749 919 788 me
945 725 1069 788 honeste
1088 727 1203 786 vixisse
1238 786 1243 794 ,

103 839 263 909 appareat,
286 839 317 888 et
332 849 392 888 non
405 822 581 906 transegisse
594 831 687 890 vitam
702 829 749 915 (ut
762 831 895 891 Sallustii
909 829 1009 888 verbis
1023 826 1105 908 utar)
1117 848 1201 888 more
1295 843 1298 853 ·

103 930 253 1010 pecudis,
275 929 449 990 acdeorum
473 931 631 1006 bonorum,
653 952 730 1011 quae
751 933 784 991 in
808 933 869 992 vita
886 929 1018 988 humanu
1037 929 1200 1010 praecipua

101 1028 266 1112 sunt,(etsi
278 1030 311 1088 in
326 1031 509 1110 assequendo
523 1033 675 1092 fortunam
689 1034 814 1094 habeam
825 1053 933 1113 parum
945 1029 1121 1111 propitiam)
1135 1030 1199 1087 vir-

101 1132 179 1190 tutis
201 1140 231 1190 et
253 1131 424 1210 sapientiae,
447 1132 539 1191 fuisse
559 1133 735 1197 studiosum.
782 1135 912 1210 Quodsi
927 1152 992 1192 rem
1005 1152 1078 1190 vere
1098 1129 1200 1187 consi-

100 1233 251 1307 deremus,
280 1232 415 1295 hemines
436 1233 547 1293 eruditi
563 1233 658 1315 (quod
681 1236 720 1302 sd
741 1236 820 1300 hanc
840 1235 961 1315 quidem
981 1233 1062 1294 ritae
1080 1240 1198 1311 partem

99 1333 221 1416 attinet)
242 1355 428 1396 summorum
448 1335 537 1394 etium
564 1355 681 1413 regum¹
695 1341 860 1416 potentium
882 1345 1037 1418 superant:
1066 1354 1198 1417 quornm

100 1435 199 1494 omnis
222 1437 381 1511 memoria,
412 1437 470 1497 nisi
497 1459 514 1495 a
538 1435 635 1499 doctis
659 1440 897 1514 celebrarentur„
920 1458 980 1496 uno
1001 1438 1133 1496 alterove
1156 1432 1196 1490 ud

98 1557 250 1595 summum
270 1538 373 1596 seculo
392 1536 527 1596 funditus
546 1538 689 1599 interiret.
735 1540 937 1616 Quamobrem
955 1540 1108 1617 praeclare
1123 1535 1194 1592 Vir-

98 1639 203 1718 gilius:
224 1638 346 1698 Vivitur
356 1640 484 1717 ingenio,
501 1650 618 1699 coetera
631 1643 735 1702 mortis
749 1654 844 1705 erunt.
887 1639 1089 1700 Laudabiliter
1103 1625 1206 1715 etiarn,

96 1749 146 1815 tn,
170 1737 295 1801 loannes
315 1738 432 1819 Incede,
455 1752 544 1821 atque
566 1741 640 1802 adeo
658 1745 752 1804 omnis
764 1742 1005 1824 splendidissima
1018 1737 1194 1819 Fpggerann

96 1842 221 1917 iamdiu,
243 1841 296 1920 qui
309 1862 370 1901 uon
387 1844 522 1906 contenti
544 1826 671 1905 caeteris
694 1829 883 1920 ornamentis,
905 1854 940 1905 ut
954 1851 1025 1902 sunt
1038 1837 1197 1920 amplissi-.

97 1964 165 2003 mae
181 1963 254 2023 opes
267 1952 331 2002 toto
353 1953 503 2005 terrarum
523 1946 596 2005 orbe
612 1946 752 2022 celebres,
777 1948 934 2011 mimitatur
944 1946 1086 2015 illustres,
1109 1961 1191 2003 sum·
1223 1961 1227 1967 ·

95 2064 218 2105 morum
239 2044 408 2124 principum
430 2046 586 2122 amicitiae,
609 2058 699 2127 atque
715 2050 797 2128 apud
810 2050 877 2111 illos
897 2047 965 2106 talis
981 2045 1191 2119 autoritasnt
1283 2106 1286 2110 Α

94 2166 156 2205 vos
168 2145 206 2205 ad
214 2147 461 2223 gravissimarum
486 2169 587 2209 rerum
605 2151 834 2212 deliberationes
846 2148 1014 2221 adhibeant,
1036 2166 1112 2226 qnae
1126 2144 1191 2204 sur·

93 2259 173 2308 tuna
190 2249 274 2308 vobis
288 2249 395 2327 largita
409 2258 464 2325 est,
481 2251 577 2311 solida
591 2253 681 2313 etium
693 2263 723 2314 et
731 2251 897 2333 peculiaria
910 2246 1010 2309 vestra
1022 2248 1101 2306 bonu
1116 2265 1189 2329 con-

93 2351 234 2428 iungatis,
256 2352 399 2411 virtutem
420 2361 449 2412 et
471 2352 661 2432 sapientiam:
683 2377 781 2435 neque
805 2355 911 2414 doctos
935 2351 1062 2410 forestis
1079 2347 1189 2419 solum,
1276 2347 1279 2355 '

91 2453 151 2513 sed
164 2462 229 2511 tum
242 2453 302 2532 ipsi
320 2453 489 2514 eruditione
509 2454 650 2530 floreatis,
673 2464 737 2515 tum
757 2458 867 2517 liberos
886 2463 1005 2516 vestros
1017 2452 1053 2510 ab
1065 2450 1189 2527 hreuute
1296 2512 1299 2519 ,

91 2562 192 2614 aetate
212 2552 375 2613 libeialiter
394 2553 511 2613 institui
535 2558 661 2633 curetis:
682 2568 718 2619 ut
738 2560 874 2618 omnibus
894 2567 924 2617 et
936 2553 1026 2614 animi
1046 2550 1189 2633 etiertu-
1285 2571 1290 2577 ·

91 2677 152 2715 nae
168 2655 254 2713 bonis
276 2655 422 2715 cumulati
441 2655 518 2730 sint,
547 2667 577 2715 et
603 2656 724 2718 bomine
749 2659 890 2738 prudenti
917 2656 1044 2719 maxime
1067 2652 1188 2729 dignam

91 2756 339 2832 moderationem,
362 2777 421 2835 qua
432 2777 491 2815 una
507 2767 536 2817 et
549 2758 603 2818 Dei
619 2769 649 2821 et
663 2760 800 2819 fortunae
812 2770 843 2818 et
853 2758 1007 2817 hcm'mum
1019 2756 1105 2812 favor
1122 2761 1188 2810 tmn

90 2865 233 2937 perenn,
254 2866 317 2916 tum
339 2867 546 2934 conservatur,
568 2869 671 2919 vestro
693 2861 829 2935 exemplo
844 2859 959 2914 discant
971 2877 1007 2912 ac
1030 2855 1187 2929 retineant,

93 2956 354 3037 trihemitonio
378 2969 511 3033 utentur,
542 2967 579 3016 ut
596 2958 701 3026 beatae
726 2954 955 3017 immortalitatis
973 2973 1057 3032 spem
1075 2949 1188 3031 habere

92 3060 222 3140 possint.
267 3059 352 3132 Ques
366 3081 435 3121 cum
454 3061 496 3119 ita
514 3062 583 3135 sint,
606 3059 728 3118 omnine
746 3057 818 3132 milei
833 3055 1010 3137 persuadeo,
1032 3054 1080 3132 vir
1098 3070 1187 3129 ornu-
1269 3096 1272 3103 .

93 3162 218 3237 tissime,
248 3171 279 3222 te
299 3183 398 3222 meum
423 3161 483 3221 hoc
502 3183 589 3241 opus,
610 3147 718 3240 magno
745 3160 845 3220 studio
865 3181 899 3217 ac
924 3159 1031 3233 labere,
1040 3153 1186 3236 (quisquis

88 3263 214 3323 tandem
226 3265 403 3338 siteventus,
413 3285 500 3342 quem
516 3285 577 3322 non
588 3264 699 3321 malum
713 3262 780 3321 sore
797 3272 827 3321 ct
839 3270 911 3339 opto
925 3269 955 3318 et
969 3252 1071 3338 spero)
1084 3255 1187 3314 coriso-

91 3376 186 3442 ctum,
195 3366 421 3445 aequibonique
429 3367 590 3425 iacturum:
608 3366 680 3425 etin
690 3361 926 3443 splendidissima
935 3359 1186 3436 bibliothccntua,

93 3488 186 3545 quarn
205 3466 318 3543 magnis
344 3469 489 3527 sumtibus
510 3468 542 3526 in
562 3467 648 3526 Italia
669 3485 856 3545 comparasse
872 3463 989 3535 diceris,
1009 3463 1186 3547 instructam
1280 3506 1284 3515 ,

92 3567 198 3626 inultis
218 3568 344 3645 egregiis
364 3569 465 3642 libris,
495 3571 548 3647 qui
569 3568 713 3627 hactenus
731 3590 748 3625 a
770 3565 873 3644 paucis
898 3572 968 3623 sunt
989 3563 1063 3638 visi,
1092 3563 1185 3620 latino

93 3669 287 3729 Demostheni
310 3670 424 3746 aliquid
441 3671 501 3728 loci
520 3670 673 3730 daturum:
703 3679 733 3728 ct
759 3688 806 3726 me
828 3687 888 3723 una
910 3685 977 3725 cum
1001 3673 1111 3742 patruo
1131 3671 1183 3719 tun
1252 3704 1255 3711 .

91 3770 241 3844 Antonio,
263 3790 281 3827 a
295 3770 394 3828 latinis
417 3771 512 3829 literis
530 3790 592 3828 non
615 3768 798 3841 abhorrenti,
820 3776 850 3825 et
866 3767 959 3827 fratre
975 3752 1108 3840 Gremio,
1131 3760 1185 3837 qui

91 3872 203 3949 etipse
226 3891 297 3930 cum
314 3881 499 3932 caeterarum
516 3870 749 3949 disciplinarum,
771 3878 835 3928 tum
847 3867 964 3926 divinae
976 3862 1140 3920 blatheseos
1153 3860 1183 3927 in

91 3971 199 4051 primis
221 3971 373 4032 studiosus
391 3992 454 4032 esse
475 3971 602 4045 dicitur,
623 3981 652 4030 et
665 3973 760 4030 altero
773 3972 866 4033 lintre
882 3964 1057 4033 Hulderico,
1080 3960 1183 4020 adole.

91 4081 199 4131 scente
217 4074 322 4132 summi
339 4074 457 4152 ingenii,
480 4083 511 4135 et
530 4072 649 4152 optimis
665 4074 780 4147 studiis,
803 4089 908 4147 niagno
923 4065 1082 4125 modestiae
1096 4063 1183 4135 saura,

92 4174 297 4250 deditissimo,
312 4173 494 4254 *patrocinio
516 4174 674 4252 complecti
696 4183 726 4232 et
748 4175 848 4232 lovere
870 4189 929 4227 non
944 4165 1180 4242 dedignntnrum.
1232 4240 1235 4244 .

91 4277 246 4354 Equidem
264 4254 363 4357 spero,
383 4297 431 4339 me
449 4274 602 4340 haetenus,
617 4295 681 4337 eam
697 4273 777 4341 ritae
796 4271 1024 4348 studiorumque
1038 4267 1183 4349 rationem
1238 4286 1241 4292 ⁴
