2768 4724
394 228 463 341 an
492 229 948 307 nauosrutusu..
1079 244 1086 249 ·
1126 221 1197 308 ‘so

93 607 130 667 in
147 607 338 677 aaronem
352 608 444 686 aega
467 606 628 668 ramses
651 608 772 669 conat..
819 611 894 671 sam
919 612 1023 693 usqu.
1041 598 1196 673 inchoavit

1272 292 1364 345 l..

160 398 273 467 Mond-
299 400 443 463 Benenot.
471 400 570 468 Petis.
598 372 716 487 Lem]
752 404 958 469 Pulcherrima
983 410 1196 471 et*·luculenta
1316 482 1318 486 ¹
1361 356 1366 376 i

93 503 198 564 Editio
214 504 341 580 Graeca,
362 525 403 566 ex
418 502 525 564 Aldina
539 522 686 585 expressa,
709 515 740 565 et
761 526 829 567 cum
841 509 978 588 plurimis
994 511 1091 573 Codd.
1105 511 1196 573 ttsii·
1217 514 1220 522 '

95 729 168 773 em.
184 729 355 789 aremius,
376 708 597 791 Typographus
613 711 737 788 Regius,
759 711 960 773 intermissam
971 733 1060 791 vero,
1074 716 1138 776 sive
1156 713 1204 776 ob‘
1271 748 1273 753 ·

72 856 75 860 -
92 800 408 887 intestinum'bellmn,
429 815 492 872 aive
505 812 623 871 Morelii
636 812 761 888 obitum,
783 825 852 894 post
870 815 1048 876 decennium
1064 817 1196 897 elapsum

91 914 313 994 redintegravit
332 896 487 975 successor
517 914 579 972 eius
602 935 624 973 1.
642 935 836 991 ansearius:
866 916 952 975 cuius
972 901 1087 994 ¹rogstu
1111 938 1194 978 aton.

52 1022 58 1031 “
91 1037 247 1077 unisse
261 1015 499 1078 Monstroliensis
516 1015 649 1076 Editioni
668 1016 854 1095 invigilavit,
875 1038 1008 1100 suasque
1024 1018 1143 1079 notulas
1158 1019 1197 1079 ad

94 1116 186 1179 finem
200 1118 299 1198 operis
313 1120 430 1182 adiecit.
443 1123 511 1183 Par.
525 1122 616 1184 1570
633 1118 657 1174 F
658 1117 750 1177 ol

158 1211 260 1282 MSS.
282 1218 374 1302 ΑΜ]
402 1222 558 1283 Lectiones
574 1221 739 1295 variantes,
762 1239 835 1300 quas
853 1241 891 1283 ex
907 1221 1001 1284 Codd.
1017 1220 1197 1303 quibusdam
1257 1288 1261 1298 ¹

91 1321 177 1382 MSS.
192 1320 288 1383 Aldus
301 1322 453 1384 Manutius
464 1344 536 1384 suae
550 1322 680 1382 Editioni
697 1322 859 1383 subtexuit.

156 1421 260 1487 MSS·
279 1422 390 1508 Felic]
413 1426 567 1487 Lectiones
579 1426 732 1486 MStorum
739 1468 749 1501 ,
772 1446 845 1503 ques
867 1425 1086 1488 similitersuae
1106 1428 1195 1489 etiam

25 1572 28 1577 .
73 1516 204 1586 'adiecit
218 1525 396 1589 Felicisnus.

158 1625 261 1690 MSS.
283 1626 424 1708 Μαηιιι]
447 1629 560 1689 lterum
575 1649 643 1703 eae,
665 1629 788 1708 quasP.
804 1573 966 1689 llanutius

161 1725 258 1791 codd.
280 1727 376 1819 Regg.
399 1729 447 1791 vel
465 1728 589 1811 Parias]
612 1732 688 1790 Octo
703 1730 909 1810 exemplaria
899 1752 932 1790 m
947 1730 1197 1793 bibliothecalle-

94 1831 145 1913 gie
168 1830 326 1892 Parisiensi
347 1831 524 1907 adservata,
547 1833 655 1913 quibus
675 1852 747 1890 usus
763 1842 808 1897 est
819 1832 961 1893 Morelius
978 1835 1017 1894 ad
1036 1834 1196 1895 editionem

90 1934 282 1994 Lutetianam
295 1934 508 2009 adornandam.
552 1935 665 1994 Eorum
688 1934 840 2009 notitiam,
864 1954 952 2013 quam
970 1935 1023 1996 ille
1045 1937 1132 1996 nobis
1148 1938 1197 1995 in-

92 2036 189 2115 vidit,
215 2056 282 2096 mea
307 2057 396 2116 opera
421 2036 650 2117 deprehensam,
673 2035 792 2096 Lectori
815 2037 933 2096 erudito
948 2035 998 2097 hic
1012 2058 1195 2117 proponam:

95 2139 165 2198 scil.
254 2165 263 2189 x

160 2240 203 2321 ec]
219 2242 288 2301 Sive
303 2239 406 2300 Codex
417 2240 649 2300 lloreliimorum
660 2239 785 2320 primus,
796 2260 831 2300 eo
842 2240 951 2319 utique
961 2239 1062 2299 indice
1073 2240 1104 2299 in
1117 2242 1195 2300 mar'-

95 2340 165 2421 gine
188 2342 251 2403 eius
280 2341 418 2413 editionis
438 2351 578 2419 notatus,
608 2344 708 2402 locum
733 2340 824 2402 habet
845 2341 937 2406 hodie
962 2342 993 2398 in
1013 2340 1196 2429 bibliotheca

93 2445 188 2522 Regia
200 2449 294 2510 2190.
337 2444 483 2504 Plurimus
498 2443 703 2504 Demosthenis
726 2447 874 2505 orationes
896 2443 1107 2524 complectitur
1125 2465 1196 2517 cum

84 2528 243 2623 antonin
264 2547 328 2605 sive
342 2545 465 2623 glossis,
487 2544 633 2606 hactenus
645 2545 774 2606 ineditis.
818 2546 947 2606 Videtur
960 2548 1062 2606 seculo
1078 2548 1195 2608 decimo

93 2656 181 2708 sexto
204 2656 257 2707 aut
271 2669 307 2706 eo
323 2648 443 2708 circiter
456 2649 547 2709 fuisse
560 2659 710 2709 exaratus.

160 2749 205 2832 β]
228 2750 325 2809 Hodie
338 2756 432 2815 2189.
449 2752 551 2812 Codex
564 2731 696 2830 probus,
718 2751 811 2808 seculi
833 2749 993 2808 undecimi.
1039 2731 1197 2812 Orationes

93 2851 189 2932 paulo
200 2852 302 2929 plures
327 2853 553 2931 complectitur,
576 2871 664 2930 quam
678 2850 868 2928 praecedens.
912 2850 1116 2907 Praemittstur
1126 2852 1197 2909 vna

94 2952 302 3013 Demosthenis
317 2953 471 3043 anecdota,
494 2953 644 3012 aZosimo
660 2950 829 3010 Ascalonita
851 2949 1035 3026 conscripta
1058 2949 1115 3007 alia
1122 2969 1197 3008 rur-

92 3074 145 3113 sus
171 3054 209 3113 ab
225 3075 374 3136 anonymo
402 3054 544 3134 quodam.
586 3055 644 3114 Eas
662 3054 767 3134 utique
790 3052 830 3112 ad
847 3071 929 3112 meos
942 3070 1015 3111 usus
1032 3035 1196 3197 descriptas

94 3157 200 3235 quinto
216 3156 308 3217 huius
325 3157 425 3237 operis
435 3157 580 3217 volumini
593 3157 756 3217 reservavi.

157 3257 201 3342 y.]
223 3259 322 3320 Hodie
333 3264 428 3325 2270
457 3260 597 3320 Continet
623 3259 782 3319 duodecim
801 3258 965 3334 orationes,
1002 3260 1194 3325 ann01480
1303 3272 1306 3277 ’

92 3359 190 3420 deseri
213 3370 269 3421 tas·

160 3381 211 3542 ai
238 3463 399 3542 Exemplar
422 3463 524 3540 istud,
557 3473 702 3543 quantum
728 3464 835 3523 elicere
862 3463 1030 3543 possimus,
1070 3464 1196 3528 duarmn

91 3572 211 3624 tanum
231 3573 278 3624 est
301 3565 487 3639 orationum,
509 3585 552 3626 se.
573 3566 610 3626 ds
627 3567 705 3625 falsa
723 3566 870 3645 legatione
893 3575 923 3623 et
944 3575 1049 3626 contra
1062 3567 1194 3632 llidism.

94 3666 195 3740 Quem
214 3667 317 3727 locum
336 3666 427 3727 hodie
450 3667 600 3745 obtineat,
622 3688 692 3761 ‘qua
718 3666 819 3728 aetate'
836 3668 1037 3753 descriptum,
1067 3681 1119 3730 aut
1137 3690 1194 3750 qua
1312 3668 1315 3673 ’
1361 3688 1365 3695 ·

93 3768 215 3829 demum
230 3770 271 3829 sit
286 3769 485 3848 praestantia,
506 3771 707 3849 pervestigare
721 3790 848 3849 nequeo.

159 3869 200 3954 a]
230 3871 328 3929 Hodie
348 3876 441 3937 2188.
457 3871 560 3931 Codex
585 3874 733 3952 optimus,
760 3875 792 3933 in
808 3892 868 3953 quo
885 3883 969 3934 totus
983 3874 1195 3937 Demosthenes

91 3972 291 4048 detortitium,
316 3974 412 4034 seculi
426 3973 533 4035 decimi
548 3975 638 4034 tertii.

158 4072 200 4152 t]
228 4073 325 4134 Hodie
349 4081 443 4140 3276.
481 4076 642 4155 Exemplar
668 4096 786 4154 recens,
822 4088 926 4159 utpote
950 4078 1050 4136 seculo
1078 4012 1195 4143 deciam

91 4185 364 4254 mameranus
386 4177 520 4239 continet
541 4178 692 4240 orationes
708 4179 916 4261 iampridem,
938 4180 976 4239 de
989 4199 1102 4244 emuna
1115 4194 1144 4293 et
1157 4184 1195 4246 dd
1274 4224 1277 4232 ·

88 4276 168 4338 salsa
180 4276 340 4358 legatione
407 4303 409 4307 ·
447 4297 450 4301 ·
915 4368 988 4436 62
