2768 4724
139 232 182 306 ω
497 222 935 316 rnanaausonns·

140 404 279 486 co'eptam
295 402 465 465 inchoatam
480 401 651 481 relinquere
666 400 824 480 coegisset:
845 409 1047 481 tamencum,
1069 396 1238 486 sapientum

139 508 274 567 virorum
292 508 454 581 sententis,
481 502 663 586 piincipium
684 505 779 564 totius
802 505 841 562 ait
858 503 1032 582 dimidium,
1045 499 1136 571 etin
1157 511 1247 573 omni,

138 628 174 670 re
188 609 313 669 honesta
328 610 409 669 solua
430 616 569 680 conatus,
599 605 686 665 etlam
711 606 736 664 si
762 626 830 665 eum
850 626 912 665 non
937 610 1093 689 perficias,
1120 611 1240 671 laudari

139 712 252 786 soleat,
274 730 413 790 magnum
427 707 568 789 quiddam
588 707 725 783 fecisset,
750 707 934 787 ⁸laudemque
959 711 1086 772 sortasse
1106 712 1237 792 aliquam

139 813 308 875 meruisset.
345 813 433 871 Nunc
455 819 554 868 autem
576 828 645 867 cum
662 828 768 888 reapse
788 809 967 886 declaravit,
989 833 1021 875 se
1040 833 1102 873 non
1119 815 1238 875 inanem

139 925 288 990 conatum,
297 933 393 992 neque
399 910 599 990 praecipitem,
609 918 662 969 aut
672 910 789 969 irritum
801 910 944 990 impetum
955 913 994 972 ad
1006 916 1158 993 negotium
1170 936 1238 976 sus-

138 1027 260 1105 ceptum
274 1015 424 1076 attulisse:
446 1010 550 1093 (quod
568 1013 665 1072 fecere
683 1023 919 1088 consueverunt,
942 1015 1003 1092 qui,
1024 1037 1086 1076 non
1101 1018 1237 1078 adhibito

138 1119 179 1178 ad
193 1122 268 1191 iem,
290 1135 379 1196 quam
392 1113 564 1204 instituunt,
578 1115 711 1188 consilio,
726 1133 823 1192 nequa
835 1117 880 1174 rei
892 1117 1095 1193 magnitudine
1110 1119 1239 1198 diligan-

137 1229 186 1280 ter
194 1231 225 1279 et
232 1227 342 1279 attente
351 1216 548 1292 considerata,
559 1215 597 1274 ad
606 1215 719 1295 aliquid
727 1235 865 1293 magnum
875 1217 1114 1303 aggrediuntur:)
1122 1241 1237 1281 summa

137 1321 228 1382 laude
240 1318 430 1396 dignissimus
445 1328 503 1378 est:
519 1319 579 1397 qni,
594 1316 737 1396 quamdiu
748 1314 932 1400 reipublicae
949 1323 1236 1400 temporatulerunt,

137 1435 223 1485 tanto
236 1421 337 1481 studio
349 1421 381 1480 iu
394 1422 444 1495 id,
467 1421 549 1499 quod
564 1419 656 1479 semel
671 1419 858 1483 considerate
873 1433 1067 1503 susceperat,
1088 1423 1235 1501 incubuit,
1281 1416 1291 1428 ⁵

138 1535 281 1604 tantaque
295 1523 385 1582 animi
401 1523 554 1582 alacritate
566 1522 597 1580 in
611 1541 645 1580 eo
658 1524 874 1600 perseveravit,
896 1535 932 1583 ut
945 1524 1151 1586 Demosthenis
1172 1527 1237 1586 edi-

138 1628 250 1686 tionem
264 1643 360 1703 usqua
382 1623 603 1683 adorationem
626 1622 664 1681 de
682 1624 759 1683 male
779 1625 861 1684 obite
881 1625 1028 1704 legatione
1050 1628 1236 1706 perduxerit,

138 1729 200 1788 hoc
221 1737 275 1803 est,
296 1725 388 1807 paulo
407 1726 524 1798 minua,
543 1718 644 1802 'quam
666 1723 759 1783 totius
778 1726 877 1805 operia
898 1726 1072 1803 dimidium,
1094 1731 1235 1807 attigerit.

140 1831 217 1889 Cum
238 1828 277 1888 ad
301 1846 365 1887 sam
384 1826 547 1884 orationem
572 1823 758 1903 pervenisset
783 1844 876 1900 anno,
908 1827 1030 1907 opinor,
1058 1828 1234 1890 alalaltx.

139 1949 261 2008 magnae
274 1928 382 1987 turbae
394 1927 426 1984 in
443 1925 539 1985 Gallia
551 1934 687 2000 coortae,
708 1934 903 2006 temporaque
915 1925 1099 2005 reipublicae
1113 1929 1237 1988 edomi-

137 2042 204 2105 toaa
220 2026 531 2102 consecuta,'bellum
551 2025 761 2102 domentiam,
791 2028 975 2108 pestilentia,
1003 2025 1093 2087 buius
1115 2029 1236 2091 scholae
1308 2064 1312 2070 ·

138 2134 297 2194 universae
310 2129 510 2208 infrequentia
522 2137 553 2187 et
564 2128 715 2203 solitudo,
738 2137 770 2188 ct
779 2149 874 2208 paene
889 2129 987 2187 dicam
999 2129 1138 2190 vastitas:
1158 2131 1239 2194 hacc

138 2244 171 2297 et
194 2234 302 2294 similia
329 2232 407 2292 male
444 2250 521 2310 opus
548 2249 654 2306 magno
679 2230 778 2288 animo
799 2232 972 2309 incoeptum
999 2239 1030 2288 et
1055 2231 1095 2289 ad
1121 2232 1153 2292 id
1174 2234 1252 2295 loei'

137 2337 319 2420 perductum
351 2333 568 2410 interrumpere
598 2340 768 2407 coegerunt
820 2333 896 2392 Nou
928 2331 1024 2391 multo
1067 2346 1139 2413 post
1173 2337 1237 2416 ille,¹

138 2438 243 2500 morbo
262 2434 374 2517 partim
398 2453 436 2494 ex
460 2433 571 2511 vigiliis
598 2432 816 2512 intempestivis
845 2443 875 2492 et
902 2433 1006 2492 labora
1028 2434 1235 2515 immoderato,

122 2541 248 2621 ,partim
263 2558 300 2597 ex
315 2536 516 2596 communium
534 2546 565 2597 et
587 2535 779 2615 publicorum
798 2534 1056 2594 incommodorum
1076 2540 1237 2600 acerbitate

137 2649 311 2713 contrecto,
334 2644 506 2716 supremum
519 2638 600 2697 vitas
614 2637 694 2697 diem
711 2637 794 2696 obiit.
811 2653 815 2661 “
839 2636 908 2709 Quo
920 2645 1040 2695 mortuo
1056 2658 1124 2717 spes
1138 2641 1234 2700 omnis

137 2739 228 2800 buius
259 2738 396 2799 editionis
421 2736 620 2801 absolvendae
651 2739 790 2797 omnibus
818 2738 994 2797 mortalibus
1021 2741 1156 2819 praecisa
1178 2750 1233 2818 est,

136 2840 314 2922 praesertim
328 2839 529 2899 crescentibus
540 2840 573 2899 in
591 2841 655 2900 dies
678 2832 836 2900 discordiis
857 2830 1011 2914 civilibus,
1044 2850 1075 2900 at
1095 2852 1167 2922 post
1182 2846 1238 2902 au-'

136 2943 344 3025 perieramala
361 2941 464 3000 sedata
476 2962 512 3000 ac
526 2944 624 3021 sopita
647 2938 731 3023 (non
752 2945 829 3002 enim
848 2941 945 3001 dicam
963 2942 1128 3024 exstincta)
1146 2949 1233 3003 novis

138 3045 266 3104 subinde
286 3043 351 3100 aliis
373 3041 561 3119 gravioribus
584 3043 822 3119 suborientibus,
853 3044 962 3122 quibus
984 3043 1234 3123 nondumetiam

136 3145 229 3206 bodie
258 3142 393 3202 defuncti
422 3161 535 3201 sumna.
578 3144 625 3203 Ita
651 3165 720 3204 curn
747 3144 951 3205 Demosthenia
979 3142 1072 3203 editio
1092 3136 1233 3206 inchoata

136 3247 249 3305 multos
264 3262 357 3302 annos
371 3243 542 3303 mansisset:
562 3245 606 3306 lo.
620 3247 804 3322 benenatus,
826 3247 918 3305 totius
934 3244 1122 3304 instrumenti
1136 3257 1235 3327 typo-

137 3344 272 3427 graphici
303 3363 475 3419 successor,
508 3348 698 3408 mauimonio
720 3368 789 3408 cum
812 3346 904 3407 vidua
926 3353 1098 3422 contracto,
1123 3349 1232 3426 iactata,

135 3449 247 3530 partim
261 3428 315 3506 ina
330 3455 455 3525 sponte,
476 3447 757 3525 partim-bominum
769 3458 831 3520 tana
846 3447 966 3525 longam
981 3447 1114 3529 incoepti
1132 3453 1235 3531 operia

135 3548 381 3609 intermissionem
405 3549 593 3626 querentium
615 3560 645 3610 et
665 3568 751 3626 aegra
771 3548 932 3607 ferentium
954 3549 1081 3608 vocibus
1107 3553 1233 3613 assiduis

135 3654 250 3727 victus,
273 3649 560 3709 consiliumtandem
574 3640 655 3731 cepit
674 3649 758 3729 operi
774 3646 938 3725 inchoato,
960 3660 991 3710 et
1012 3651 1169 3732 deposito,
1192 3664 1233 3731 et,

136 3763 173 3813 ut
183 3756 226 3813 ita
239 3744 354 3828 dicam,
374 3752 577 3826 conclamato,
599 3750 764 3811 subvenire.
809 3751 876 3823 Qua
890 3753 921 3810 in
935 3771 970 3811 re
984 3773 1053 3812 cum
1066 3755 1122 3813 sibi
1140 3754 1234 3813 adiu·-

135 3865 232 3916 torem
258 3855 387 3933 aliquem
411 3853 612 3912 adhibendum
639 3838 706 3909 asia
734 3851 934 3927 existimaret,
963 3853 1017 3931 qui
1041 3865 1071 3913 et
1090 3856 1183 3914 vallet
1204 3867 1235 3917 et

135 3965 240 4038 posset
269 3955 296 4015 ei
323 3956 369 4016 rei
392 3974 515 4034 operam
540 3952 670 4031 aliquam
694 3972 821 4028 navare,
852 3972 884 4012 ae
903 3953 941 4011 ad
970 3974 1018 4014 ms
1045 3956 1234 4035 potissimum

136 4057 281 4117 contulit:
305 4068 395 4135 quem
407 4066 438 4115 et
451 4055 582 4135 publicis
594 4040 758 4114 commodis
770 4055 898 4114 libenter
913 4055 1058 4116 inservire
1081 4076 1233 4136 cognove-

134 4169 190 4234 rat,
214 4170 244 4220 et
256 4150 491 4240 plurimum'aibi
505 4156 538 4216 in
555 4156 674 4234 negotio
698 4165 839 4237 suscepto
859 4157 1000 4236 prodesse
1020 4156 1112 4238 'posse
1130 4152 1234 4220 eristi-

135 4261 243 4322 usabat.
278 4260 365 4338 dign,
378 4259 523 4338 *quamvis
538 4258 577 4321 in'
588 4259 656 4323 aliia
665 4260 758 4323 rebus
775 4276 793 4322 a
811 4279 864 4323 usa·
872 4259 1017 4322 institutis
1029 4254 1234 4342 occupatissi-
