2768 4724
170 200 211 269 14
509 200 983 322 snts³ssT10uEs-,2

165 351 268 454 potius
282 390 368 454 opus·
378 383 422 434 est
436 375 606 455 eloquentia
622 380 662 439 ad
677 398 744 438 eum
761 374 1060 454 laudandnm,'quem
1075 396 1137 437 uno
1154 396 1207 437 ore
1220 377 1252 437 in

165 477 284 536 coelum
302 477 403 537 ferant
429 496 542 541 omnes.
571 499 627 538 noc
645 479 698 537 tibi
722 479 821 539 calcor
842 475 1114 553 addete'studebo,
1143 478 1254 559 Georgi

164 579 331 652 satissime,
361 599 452 657 quens
484 580 637 658 conspicio
660 579 692 638 in
716 579 776 639 boc
803 576 1004 659 pulcbembuo
1028 578 1127 639 stadio
1147 589 1253 662 tuapte

162 690 269 758 sponte
290 678 376 739 haud
400 684 528 764 segniter
551 690 727 744 causentsns.
769 681 910 755 Quaeres,
931 679 1011 739 unde
1026 679 1100 739 mibi
1114 683 1251 760 cognitam

161 786 268 837 cursus
292 790 382 858 tuus,
414 782 464 862 qui
486 789 517 839 ts
535 798 687 859 nunquam
707 782 842 843 viderim.
894 781 1042 860 Optimam
1061 782 1109 843 tui
1134 782 1251 862 partem
1306 829 1311 836 -

159 879 240 953 vidi,
263 883 435 944 adolescens
459 882 706 958 fortunatissime,
727 883 801 942 adeo
815 884 946 966 ἐναργῶς
963 893 993 943 te
1008 884 1082 944 mihi
1097 905 1154 944 suo
1165 887 1253 965 peni-

158 981 229 1042 cillo
250 985 388 1063 depinxit
400 983 513 1061 Viglius
527 981 714 1058 Zuichemus,
735 982 817 1043 baud
833 983 967 1062 vulgaris
990 985 1110 1060 artifex,
1133 989 1182 1046 cui
1193 987 1251 1047 do·

157 1084 281 1143 mastica
294 1085 511 1145 consuetudins
533 1087 650 1165 penitus
674 1085 808 1162 cognitus
829 1107 865 1144 sc
885 1097 1062 1164 perspectus
1082 1109 1123 1148 es.
1168 1089 1250 1163 Quin

145 1192 224 1245 'tute
239 1186 313 1248 mihi
332 1188 461 1268 teipsum
475 1187 587 1247 tuisad
597 1207 643 1245 me
660 1185 752 1244 literis
766 1187 810 1247 sic
831 1189 1012 1267 expressisti,
1035 1199 1080 1264 ut,
1099 1190 1125 1247 si
1147 1209 1249 1250 coram

159 1288 289 1364 adesses,
311 1290 382 1369 plus
400 1292 500 1373 videre
518 1306 668 1365 nequeam.
710 1286 776 1345 lllic
797 1279 985 1373 exosculatus
999 1310 1066 1348 suns
1077 1293 1164 1349 istam
1178 1293 1247 1351 leli·

158 1410 223 1449 cem
247 1390 378 1450 indolens
400 1403 489 1465 tuom,
509 1389 571 1469 qui,
591 1387 644 1446 vix
665 1406 799 1463 egressus
817 1410 925 1465 annum
944 1391 1093 1451 decimam
1115 1404 1244 1469 sextum,
1287 1429 1290 1433 ·

158 1492 272 1551 scribas
288 1494 429 1573 epistolas
441 1493 566 1573 primum
577 1488 652 1548 bene
672 1484 788 1564 latinas,
811 1490 927 1565 deinde,
946 1492 1028 1571 quod
1043 1495 1137 1572 pluris
1155 1495 1243 1584 facio,

158 1594 297 1657 sensibus
313 1596 435 1673 argutis,
459 1603 488 1652 et
508 1599 575 1668 apte
588 1590 647 1647 sibi
670 1591 820 1649 connexis.
864 1593 946 1665 Quid
963 1604 1062 1653 autem
1075 1595 1246 1655 collaudem

156 1694 248 1756 istum
262 1699 418 1774 ingenuam
434 1712 467 1752 ac
488 1691 638 1750 liberalem
655 1691 811 1770 pudorem,
835 1694 906 1771 quid
923 1695 1102 1770 singularem
1113 1705 1199 1756 istam
1213 1699 1245 1756 in

157 1818 204 1857 ms
215 1799 365 1876 pietatem,
387 1814 472 1873 quam
486 1802 548 1851 tots
561 1794 654 1870 spirat
671 1791 816 1869 epistola?
838 1795 876 1853 Et
890 1794 941 1853 bic
957 1816 1085 1873 sgrsosco
1105 1817 1243 1874 gennano

158 1918 326 1976 germanam
345 1894 520 1955 ornatissimi
543 1893 600 1952 viri
620 1893 736 1952 loannis
756 1894 971 1972 Psungartncri
992 1898 1119 1976 prolem.
1162 1897 1242 1973 Ism-

155 2002 273 2084 pridem
289 1999 364 2060 emm
377 1994 449 2054 mibi
468 2013 535 2052 cum
555 2014 590 2052 eo
608 1996 675 2053 viro
689 1996 782 2053 ictum
795 2005 840 2054 est
851 1998 998 2093 mnioitiae
1012 1997 1129 2071 foedus,
1151 2018 1241 2076 quam
1333 2012 1339 2021 ·

156 2122 209 2181 ego
232 2122 301 2160 sane
322 2118 384 2157 rem
405 2096 482 2154 inter
501 2096 679 2174 praecipuas
698 2097 852 2156 felicitates
874 2120 955 2159 mess
976 2119 1109 2158 numero.
1161 2099 1243 2173 Quid

154 2206 231 2263 enim
245 2203 298 2261 illo
311 2197 477 2272 candidius,
499 2206 550 2255 aut
562 2196 738 2257 amabilius'l
762 2199 795 2256 ln
807 2196 898 2259 buius
909 2201 1038 2259 -fosderis
1054 2202 1240 2262 consortium

153 2314 242 2365 temet
256 2314 309 2361 tuo
319 2301 383 2359 iure
395 2298 509 2373 inseris,
532 2299 572 2357 mi
587 2300 704 2376 Georgi.
738 2300 771 2358 ln
785 2298 846 2357 hoc
858 2300 934 2358 enim
952 2301 1174 2380 possessionum
1188 2323 1240 2380 ga-

151 2426 216 2479 uns,
239 2403 325 2462 etsas'
343 2396 401 2472 est,
418 2409 449 2458 et
471 2418 600 2478 aequum
621 2410 681 2481 est,
710 2402 781 2460 vivo
807 2403 966 2461 etiamnum
983 2402 1061 2480 patri
1079 2400 1239 2465 bseredem

151 2505 285 2566 existere.
329 2501 368 2557 Ut
379 2500 432 2558 tali
457 2511 580 2579 parents
595 2503 691 2563 multo
704 2503 818 2561 beatior
839 2522 879 2576 es,
904 2522 990 2580 quom
1015 2504 1146 2580 paternis
1172 2506 1239 2583 opi-

152 2607 227 2667 bus:
247 2605 290 2662 its
300 2601 365 2659 istis
379 2601 504 2678 egregiis
522 2603 610 2660 animi
624 2604 759 2678 dotibus,
785 2622 857 2681 quas
873 2602 928 2661 tibi
945 2603 1055 2682 partim
1071 2605 1177 2682 largita
1193 2616 1239 2663 est

146 2704 268 2789 propitii
294 2701 423 2760 numinis
453 2702 633 2780 benignitas,
669 2707 779 2784 partim
805 2703 952 2762 industria
982 2714 1035 2762 tua
1061 2704 1116 2762 tibi
1143 2705 1235 2784 paris,

146 2810 231 2886 longe
244 2805 345 2864 verius
363 2824 399 2862 ac
418 2805 603 2882 splendidius
616 2806 749 2884 locuples
770 2806 873 2878 fueris,
897 2825 985 2882 quam
1000 2806 1150 2865 maiorum
1164 2817 1236 2865 tuo-

144 2894 210 2969 rem
224 2905 387 2984 quamlibet
402 2907 507 2984 amplis
522 2907 722 2966 facultatibus.
767 2907 878 2984 Accipe
891 2907 983 2982 igitur
995 2906 1232 2984 Demosthenem,

144 3008 196 3089 qui
217 3026 298 3065 nunc
318 3006 423 3083 prudit
445 3024 500 3064 ceu
523 3008 627 3084 positis
648 3028 744 3065 novus
766 3007 881 3064 exuviis
903 3006 1076 3085 nitidusque
1097 3010 1232 3085 iuventa,
1318 3065 1323 3071 .

142 3108 230 3169 sbnul
254 3117 284 3167 et
307 3115 428 3165 snutuse
450 3126 532 3165 meae
553 3108 633 3165 inte
654 3108 773 3186 pietatis
792 3097 987 3184 μνημόσυνον
1011 3117 1041 3166 et
1062 3110 1232 3170 studiorum

140 3221 261 3269 tuorum
283 3209 505 3268 incitamentum
525 3209 653 3266 tuturus.
696 3209 822 3266 Multum
836 3206 984 3265 debemus
999 3207 1086 3283 Aldo,
1109 3211 1163 3288 qui
1176 3231 1231 3270 no·

138 3312 184 3371 bis
205 3310 321 3390 primus
343 3321 495 3370 oratorum
510 3309 676 3387 principem
699 3307 791 3381 dedit,
821 3309 892 3387 plus
913 3309 1054 3368 debemus
1069 3311 1228 3387 Hervagio,

139 3413 191 3491 qui
213 3432 274 3471 non
294 3432 402 3490 parum
417 3411 532 3470 addidit
544 3410 599 3483 illi,
621 3418 685 3467 tmn
701 3407 860 3485 dignitatis,
882 3411 1046 3471 tumeliam
1063 3412 1230 3471 commodi-

137 3514 224 3586 tatis,
253 3511 336 3571 baud
364 3512 565 3571 mediocribus
586 3500 744 3591 impendiis
764 3512 894 3590 parique
920 3512 1087 3589 vigilantia,
1115 3515 1228 3572 utiam

136 3614 243 3672 merito
266 3614 382 3691 possint
398 3631 505 3672 ‘omnes
527 3612 735 3671 admit-abundi
749 3612 857 3687 dicero,
881 3601 970 3686 οὗτός
983 3612 1062 3675 iussu
1078 3606 1224 3685 ἆὶκεῖνος

138 3713 348 3792 Δημοσθένης.
398 3713 525 3772 Posthac
548 3713 640 3789 igitur
671 3715 909 3794 exspectabimus
939 3714 992 3772 sbs
1016 3723 1047 3771 te
1075 3714 1224 3790 epistolas,

136 3816 353 3874 semitullianas
382 3835 418 3872 sc
449 3816 767 3876 semidemostlscnicas.
818 3816 899 3875 Vale.
948 3817 1057 3872 llatuns
1083 3812 1222 3890 Friburgi

134 3914 284 3994 Brisgose,
305 3917 457 3997 postridie
474 3919 527 3976 cal.
546 3918 683 3997 Augusti.
705 3919 792 3977 anno
808 3918 849 3977 Μ.
864 3919 899 3975 ll.
914 3914 1039 3974 XXXll.
