2768 4724
213 188 218 195 ’
295 270 299 289 ,
408 228 923 299 nnnnnosrnannn.
1110 217 1212 308 'n

39 430 48 443 ¹
119 405 265 466 verbisin
278 413 562 464 metransmoveam.
606 405 683 485 ipsis
704 406 857 466 autoribus
872 429 907 469 ea
920 409 985 470 laus
999 411 1136 491 debetur,
1159 416 1211 494 qui

118 509 179 567 sibi
197 526 344 566 summam
362 506 529 583 eloquentis
546 506 706 585 sapientiae
731 515 762 566 et
780 509 921 588 sapientia
939 505 1124 592 eloquentiae
1139 518 1213 576 lau-

120 609 191 667 dem
207 628 263 688 per
282 617 331 666 tot
351 607 411 667 iam
431 608 533 667 secula
545 608 752 669 vendicarunt.
797 609 878 669 Illud
892 621 988 674 tamen
1000 613 1127 691 ingenue
1141 617 1213 696 plur

115 711 189 769 rimi
212 708 408 785 confitentur,
438 730 470 769 se
501 711 615 769 Graeca
640 710 703 769 sine
730 710 977 789 interpretatione
992 736 1058 776 mea
1079 718 1212 792 lecturos

114 814 213 872 fuisse
236 832 399 889 nunquam.
442 811 489 871 ab
511 812 548 871 iis
569 812 661 888 igitur
677 812 710 870 id
727 822 907 871 consecutus
920 834 995 889 sum,
1018 818 1099 894 quod
1111 818 1212 879 dolui:
1313 872 1317 877 .

112 935 192 974 rana
213 913 323 974 bovem
343 912 584 987 intumescendo,
606 933 694 972 anser
710 913 825 975 olorem
849 912 1065 994 obstrependo,
1085 939 1213 996 aequare

113 1035 272 1095 nunquam
292 1013 405 1088 studui,
427 1033 568 1091 superare
586 1014 682 1072 multo
701 1013 809 1073 minus.
850 1013 918 1072 Non
936 1015 1075 1092 equidem
1094 1018 1147 1077 tali
1163 1040 1212 1081 mc

115 1117 227 1196 dignor
239 1116 362 1177 honore.
403 1114 542 1174 Fortasse
554 1114 713 1173 Leontinos
727 1114 872 1192 quosdam
888 1124 919 1174 et
930 1115 1058 1176 Vulcani
1069 1101 1109 1179 de
1119 1124 1213 1200 stirpe

116 1229 211 1295 satos,
234 1227 264 1277 et
283 1219 358 1277 alios
380 1216 527 1274 semideos
550 1224 638 1294 atquc
658 1214 774 1289 heroas,
795 1226 884 1277 natos.
902 1217 1021 1279 scilicet
1038 1219 1212 1280 melioribus

116 1320 212 1394 annia,
235 1321 289 1378 isti
306 1328 428 1405 manent
442 1315 595 1396 triumphi.
637 1316 702 1376 Etsi
726 1317 862 1394 proiecto
875 1338 993 1397 pugnae
1012 1319 1160 1381 hactenus
1174 1319 1212 1383 ab

113 1422 179 1481 iliis
201 1420 398 1500 depugnatae,
420 1419 479 1478 hoc
505 1425 560 1492 est,
582 1417 788 1477 oratiunculae
811 1419 956 1496 quaedam
979 1421 1016 1480 ab
1034 1423 1099 1482 istis
1126 1424 1213 1485 Cice-

28 1520 31 1524 ’
116 1521 200 1581 tonis
216 1524 362 1598 germanis
374 1541 489 1596 versae,
509 1539 548 1578 ne
562 1519 701 1578 ovatione
716 1519 835 1598 quidem
852 1519 924 1580 mihi
942 1522 1048 1598 dignas
1059 1525 1211 1586 videntur.

117 1622 201 1697 Quid
215 1623 294 1682 euim
308 1624 340 1682 in
354 1622 419 1682 istis
439 1631 492 1680 aut
504 1619 649 1680 Cicerone
662 1631 715 1680 aut
725 1619 923 1681 Demosthene
941 1622 1062 1701 dignum
1079 1637 1210 1704 apparet,

117 1734 238 1806 praeter
261 1725 338 1784 male
359 1732 484 1783 consuta
509 1721 656 1801 quaedam
673 1716 859 1800 emblemata,
881 1744 917 1782 ac
931 1735 1072 1785 centones
1088 1729 1210 1805 potius?
1266 1726 1293 1804 J

118 1828 244 1902 Quoties
265 1848 283 1885 a
304 1824 608 1891 sententiisforatoris
630 1832 695 1882 toto
716 1825 811 1899 coelo,
834 1824 918 1903 quod
934 1826 1027 1902 aiunt,
1049 1828 1212 1887 aberrant?

42 1982 45 1986 .
116 1929 180 2002 Qui
195 1927 317 2007 quidem
335 1928 473 1987 inanibus
494 1926 561 1985 istis
583 1925 794 1984 iactationibus
809 1929 995 2006 cumprimis
1010 1926 1154 2005 efficiunt,
1176 1938 1212 1988 ut

113 2031 175 2090 mei
198 2031 311 2090 laboris
332 2049 380 2088 me
401 2029 462 2087 iam
480 2028 579 2087 minus
594 2027 752 2105 minusque
775 2029 932 2107 poeniteat.
981 2031 1044 2092 Nec
1064 2032 1141 2091 enim
1160 2031 1212 2091 isti
1235 2076 1238 2081 Δ

116 2153 167 2191 me
178 2130 216 2190 de
236 2131 333 2211 grath
350 2129 538 2191 deiecerunt:
560 2127 614 2188 sed
635 2128 707 2187 dum
719 2129 819 2204 altius,
842 2150 930 2209 quam
946 2153 1050 2193 eorum
1062 2143 1169 2193 natura
1180 2132 1212 2193 et

117 2232 221 2310 genius
241 2231 316 2307 fert,
339 2251 494 2310 assurgere
512 2230 612 2289 conati
633 2240 733 2305 sunt‚·
750 2231 830 2290 ultro
852 2235 996 2312 prostrati
1021 2243 1224 2310 conuenere.
1322 2294 1333 2309 ,

117 2353 208 2393 onere
224 2343 380 2413 suscepta·
399 2332 481 2413 quod
492 2331 717 2391 infimieorum
731 2330 849 2392 humeri
863 2336 1008 2396 sustinere
1020 2335 1210 2394 nullo-modo

114 2444 292 2514 potuerunt.
336 2433 396 2494 Sed
415 2434 441 2492 ei
465 2434 531 2512 quis
552 2427 707 2508 Hercules,
729 2443 781 2491 aut
799 2434 884 2495 Atlas
895 2438 1007 2517 potius,
1029 2435 1223 2496 Demosthe-1

114 2558 184 2596 nem
206 2538 332 2595 Romam
354 2537 505 2615 perlatum
535 2535 656 2594 tandem
684 2535 844 2613 aliquando
866 2539 896 2597 in
914 2539 1021 2599 rostris
1044 2537 1210 2612 collocarit,

116 2648 302 2718 quantopere
320 2657 382 2695 uon
401 2638 491 2697 modo
509 2636 696 2710 Quiritibus,
712 2637 773 2706 ‚sed
797 2649 826 2698 et
844 2639 1046 2701 Feretrioisti
1064 2642 1222 2720 loviipac·

113 2740 195 2799 inter
215 2739 328 2820 primos
351 2737 603 2822 congratulabor?
635 2738 757 2799 Interim
788 2760 842 2818 ego
867 2763 966 2804 meum
986 2765 1092 2805 saxum
1109 2763 1213 2818 versoq
1271 2734 1276 2742 ’

118 2839 216 2920 qua-
631 2824 645 2851 ‘⁸

325 2958 350 3010 0
363 2959 468 3009 utinam
481 2958 589 3007 tandem
602 2963 657 3007 tom
670 2965 777 3007 nmmo*
785 2956 881 3005 umiae
893 2957 989 3006 montis

319 3044 463 3107 constares,
482 3040 631 3112 lassumque
645 3042 718 3093 sinat
733 3040 848 3110 requiete
855 3043 957 3110 potiri!

113 3146 177 3207 Sed
191 3148 376 3207 aemulorum
388 3136 530 3226 iniquitas
544 3147 657 3222 effecit,
680 3156 716 3206 ut
728 3155 758 3205 at
779 3147 896 3223 longius
913 3148 951 3207 ab
970 3147 1107 3207 instituto
1123 3147 1223 3209 aber-2

113 3269 225 3326 ratem,
247 3259 278 3310 et
295 3258 400 3309 contra
416 3248 567 3324 ingenium
583 3259 613 3308 et
636 3248 883 3308 consuetudinem
902 3270 998 3310 meam
1017 3251 1132 3327 aliquid
1142 3251 1219 3309 ira--

114 3352 246 3410 cundius
265 3361 296 3411 et
318 3350 507 3427 arrogantius
529 3351 568 3409 de
587 3371 644 3409 me·
658 3351 724 3428 ipse
735 3350 884 3411 dicerems
918 3350 968 3410 Ad
983 3361 1012 3410 te
1025 3351 1117 3427 igitur
1128 3373 1218 3412 nunc·

113 3454 217 3529 redeo,
239 3454 353 3526 irater,
366 3461 396 3511 et
408 3474 426 3511 a
447 3461 476 3510 te
490 3461 571 3531 peto,
594 3462 630 3510 ut
643 3452 778 3511 libellum
789 3451 880 3525 tunc,
902 3472 963 3511 non
975 3450 1065 3511 modo
1080 3454 1211 3515 necessi-

116 3553 228 3613 tudinis
249 3563 381 3627 nostrae,
405 3562 436 3611 et
459 3553 496 3610 ab
521 3554 586 3632 ipsa
608 3563 715 3612 natura
739 3553 907 3629 institutae,
931 3563 959 3613 ct
977 3552 1084 3612 iisdem
1104 3554 1219 3613 studiis:

113 3654 324 3731 confirmatae,
355 3654 466 3733 pignus
487 3675 522 3713 ac
542 3665 768 3714 monumentum
789 3672 854 3712 esse
870 3654 960 3728 velis,
983 3655 1036 3715 sed
1057 3674 1211 3714 censorem

113 3759 206 3818 etiam
234 3777 322 3836 agas,
351 3763 498 3835 tuumque
529 3755 676 3816 iudicium
695 3757 876 3832 interponas.
926 3756 1113 3815 Existimatio
1133 3754 1216 3812 enim

113 3868 168 3918 tua
187 3874 292 3941 aequs'
308 3877 343 3916 ac
361 3876 426 3916 mea
447 3856 500 3916 hic
517 3857 622 3934 agitur.
667 3859 743 3917 Nam
760 3874 829 3914 cum
844 3856 899 3914 tibi
916 3858 1087 3938 coniugium
1104 3855 1212 3913 filiolus

114 3969 231 4020 tantum
250 3959 416 4020 incolumes
435 3958 563 4032 donarit,
585 3957 659 4018 mihi
670 3958 748 4017 filios
761 3956 824 4016 vita
838 3957 956 4016 caelebs
968 3957 1092 4034 negarit,
1113 3977 1211 4036 neque

111 4069 236 4129 nostrae
249 4061 344 4138 gentis
357 4070 446 4140 atque
465 4059 595 4120 nominis
608 4060 766 4138 quisquam
782 4068 932 4137 superstes
944 4059 1030 4116 nobis
1043 4059 1109 4120 fore
1124 4060 1212 4118 vide-

111 4169 194 4235 atur,
217 4160 294 4220 libri·
307 4162 404 4221 nostri
421 4161 629 4223 libcrdmdoco
641 4160 728 4220 nobis
741 4181 803 4221 esse
821 4161 941 4235 debent,
965 4160 1074 4240 quibus
1089 4161 1212 4219 Wolfio-

109 4280 186 4323 num
204 4282 321 4323 nomen·
338 4263 375 4323 ab
399 4264 548 4325 oblivione
570 4264 756 4343 posteritatis
781 4272 811 4323 et
832 4263 869 4321 ab
890 4262 1012 4324 interitu
1030 4263 1225 4324 vindicetur..
