<?xml version="1.0" encoding="UTF-8"?>
<!DOCTYPE html PUBLIC "-//W3C//DTD XHTML 1.0 Transitional//EN"
    "http://www.w3.org/TR/xhtml1/DTD/xhtml1-transitional.dtd">
<html xmlns="http://www.w3.org/1999/xhtml" xml:lang="en" lang="en">
 <head>
  <title>
</title>
<meta http-equiv="Content-Type" content="text/html;charset=utf-8" />
  <meta name='ocr-system' content='tesseract 3.04.00' />
  <meta name='ocr-capabilities' content='ocr_page ocr_carea ocr_par ocr_line ocrx_word'/>
</head>
<body>
  <div class='ocr_page' id='page_1' title='image "./demosthenisquae07schgoog_0027.png"; bbox 0 0 2768 4724; ppageno 0'>
   <div class='ocr_carea' id='block_1_1' title="bbox 168 246 958 349">
    <p class='ocr_par' dir='ltr' id='par_1_1' title="bbox 168 246 958 349">
     <span class='ocr_line' id='line_1_1' title="bbox 168 246 958 349; baseline -0.019 -20"><span class='ocrx_word' id='word_1_1' title='bbox 168 266 213 329; x_wconf 83' lang='lat' dir='ltr'>ee</span> <span class='ocrx_word' id='word_1_2' title='bbox 469 246 910 349; x_wconf 62' lang='lat' dir='ltr'>‘enssssmonus</span> <span class='ocrx_word' id='word_1_3' title='bbox 955 286 958 291; x_wconf 87' lang='lat'><em>-</em></span> 
     </span>
    </p>
   </div>
   <div class='ocr_carea' id='block_1_2' title="bbox 171 417 1266 713">
    <p class='ocr_par' dir='ltr' id='par_1_2' title="bbox 171 417 1266 713">
     <span class='ocr_line' id='line_1_2' title="bbox 171 417 1265 505; baseline -0.01 -14"><span class='ocrx_word' id='word_1_4' title='bbox 171 441 202 492; x_wconf 89' lang='lat' dir='ltr'>et</span> <span class='ocrx_word' id='word_1_5' title='bbox 222 429 382 490; x_wconf 73' lang='lat' dir='ltr'>sacerdotii</span> <span class='ocrx_word' id='word_1_6' title='bbox 402 427 492 486; x_wconf 87' lang='lat' dir='ltr'>istius</span> <span class='ocrx_word' id='word_1_7' title='bbox 512 421 632 505; x_wconf 76' lang='lat' dir='ltr'>praesul</span> <span class='ocrx_word' id='word_1_8' title='bbox 658 420 847 499; x_wconf 78' lang='lat' dir='ltr'>digitissimus</span> <span class='ocrx_word' id='word_1_9' title='bbox 868 421 927 478; x_wconf 88' lang='lat' dir='ltr'>iam</span> <span class='ocrx_word' id='word_1_10' title='bbox 949 417 1129 494; x_wconf 76' lang='lat' dir='ltr'>haberetur,</span> <span class='ocrx_word' id='word_1_11' title='bbox 1156 438 1219 495; x_wconf 86' lang='lat' dir='ltr'>me,</span> <span class='ocrx_word' id='word_1_12' title='bbox 1247 443 1265 480; x_wconf 79' lang='lat' dir='ltr'>a</span> 
     </span>
     <span class='ocr_line' id='line_1_3' title="bbox 172 520 1266 613; baseline -0.012 -21"><span class='ocrx_word' id='word_1_13' title='bbox 172 549 232 613; x_wconf 86' lang='lat' dir='ltr'>quo</span> <span class='ocrx_word' id='word_1_14' title='bbox 249 549 437 609; x_wconf 82' lang='lat' dir='ltr'>summopere</span> <span class='ocrx_word' id='word_1_15' title='bbox 455 525 678 597; x_wconf 72' lang='lat' dir='ltr'><strong>observabatur,</strong></span> <span class='ocrx_word' id='word_1_16' title='bbox 696 523 825 581; x_wconf 76' lang='lat' dir='ltr'>maxima</span> <span class='ocrx_word' id='word_1_17' title='bbox 833 520 1073 601; x_wconf 85' lang='lat' dir='ltr'>prosequebatur</span> <span class='ocrx_word' id='word_1_18' title='bbox 1084 520 1266 580; x_wconf 83' lang='lat' dir='ltr'>benevolen-</span> 
     </span>
     <span class='ocr_line' id='line_1_4' title="bbox 171 624 1266 713; baseline -0.01 -20"><span class='ocrx_word' id='word_1_19' title='bbox 171 624 222 708; x_wconf 82' lang='lat' dir='ltr'>tia,</span> <span class='ocrx_word' id='word_1_20' title='bbox 245 644 333 713; x_wconf 81' lang='lat' dir='ltr'>etque</span> <span class='ocrx_word' id='word_1_21' title='bbox 356 633 434 701; x_wconf 72' lang='lat' dir='ltr'>inter</span> <span class='ocrx_word' id='word_1_22' title='bbox 452 649 502 688; x_wconf 89' lang='lat' dir='ltr'>eoa</span> <span class='ocrx_word' id='word_1_23' title='bbox 522 629 680 703; x_wconf 78' lang='lat' dir='ltr'>delegerat,</span> <span class='ocrx_word' id='word_1_24' title='bbox 709 625 887 703; x_wconf 73' lang='lat' dir='ltr'><strong>quibuscum</strong></span> <span class='ocrx_word' id='word_1_25' title='bbox 904 640 1266 702; x_wconf 71' lang='lat' dir='ltr'>saepenumeroversare·</span> 
     </span>
    </p>
   </div>
   <div class='ocr_carea' id='block_1_3' title="bbox 69 722 1364 808">
    <p class='ocr_par' dir='ltr' id='par_1_3' title="bbox 69 722 1364 808">
     <span class='ocr_line' id='line_1_5' title="bbox 69 722 1364 808; baseline -0.011 -12"><span class='ocrx_word' id='word_1_26' title='bbox 69 734 77 749; x_wconf 82' lang='grc'>”</span> <span class='ocrx_word' id='word_1_27' title='bbox 172 744 232 808; x_wconf 83' lang='lat' dir='ltr'>tur,</span> <span class='ocrx_word' id='word_1_28' title='bbox 260 756 294 795; x_wconf 87' lang='lat' dir='ltr'>sc</span> <span class='ocrx_word' id='word_1_29' title='bbox 317 735 354 792; x_wconf 91' lang='lat' dir='ltr'>de</span> <span class='ocrx_word' id='word_1_30' title='bbox 373 722 528 792; x_wconf 77' lang='lat' dir='ltr'>literarum</span> <span class='ocrx_word' id='word_1_31' title='bbox 548 727 655 786; x_wconf 88' lang='lat' dir='ltr'>studiis</span> <span class='ocrx_word' id='word_1_32' title='bbox 676 726 915 805; x_wconf 76' lang='lat' dir='ltr'>colloqueretm:</span> <span class='ocrx_word' id='word_1_33' title='bbox 937 736 974 784; x_wconf 90' lang='lat' dir='ltr'>ut</span> <span class='ocrx_word' id='word_1_34' title='bbox 993 735 1190 806; x_wconf 84' lang='lat' dir='ltr'>temperares</span> <span class='ocrx_word' id='word_1_35' title='bbox 1207 726 1266 784; x_wconf 78' lang='lat' dir='ltr'>&#39;do-</span> <span class='ocrx_word' id='word_1_36' title='bbox 1361 768 1364 772; x_wconf 19' lang='grc' dir='ltr'><em>Α</em></span> 
     </span>
    </p>
   </div>
   <div class='ocr_carea' id='block_1_4' title="bbox 106 828 1356 3231">
    <p class='ocr_par' dir='ltr' id='par_1_4' title="bbox 106 828 1356 3231">
     <span class='ocr_line' id='line_1_6' title="bbox 106 828 1266 910; baseline -0.009 -14"><span class='ocrx_word' id='word_1_37' title='bbox 106 831 127 863; x_wconf 71' lang='grc'>’·</span> <span class='ocrx_word' id='word_1_38' title='bbox 172 837 238 896; x_wconf 89' lang='lat' dir='ltr'>lore</span> <span class='ocrx_word' id='word_1_39' title='bbox 258 834 407 895; x_wconf 86' lang='lat' dir='ltr'>interdum</span> <span class='ocrx_word' id='word_1_40' title='bbox 428 836 480 892; x_wconf 81' lang='lat' dir='ltr'>vix</span> <span class='ocrx_word' id='word_1_41' title='bbox 500 830 619 910; x_wconf 87' lang='lat' dir='ltr'>possim,</span> <span class='ocrx_word' id='word_1_42' title='bbox 644 848 711 887; x_wconf 89' lang='lat' dir='ltr'>eum</span> <span class='ocrx_word' id='word_1_43' title='bbox 733 828 875 886; x_wconf 84' lang='lat' dir='ltr'>memoria</span> <span class='ocrx_word' id='word_1_44' title='bbox 897 837 1012 907; x_wconf 81' lang='lat' dir='ltr'>repeto,</span> <span class='ocrx_word' id='word_1_45' title='bbox 1035 847 1126 906; x_wconf 83' lang='lat' dir='ltr'>quem</span> <span class='ocrx_word' id='word_1_46' title='bbox 1142 837 1266 907; x_wconf 86' lang='lat' dir='ltr'>repente</span> 
     </span>
     <span class='ocr_line' id='line_1_7' title="bbox 174 914 1304 1016; baseline -0.006 -18"><span class='ocrx_word' id='word_1_47' title='bbox 174 947 270 999; x_wconf 82' lang='lat' dir='ltr'>morta</span> <span class='ocrx_word' id='word_1_48' title='bbox 295 919 476 1016; x_wconf 70' lang='lat' dir='ltr'>piaesentus</span> <span class='ocrx_word' id='word_1_49' title='bbox 505 952 544 992; x_wconf 80' lang='lat' dir='ltr'>ex</span> <span class='ocrx_word' id='word_1_50' title='bbox 574 914 729 990; x_wconf 83' lang='lat' dir='ltr'>bominum</span> <span class='ocrx_word' id='word_1_51' title='bbox 752 928 968 987; x_wconf 77' lang='lat' dir='ltr'>cottsuetudiue</span> <span class='ocrx_word' id='word_1_52' title='bbox 986 931 1122 989; x_wconf 74' lang='lat' dir='ltr'>maxima.</span> <span class='ocrx_word' id='word_1_53' title='bbox 1135 932 1267 992; x_wconf 89' lang='lat' dir='ltr'>omnium</span> <span class='ocrx_word' id='word_1_54' title='bbox 1302 984 1304 991; x_wconf 93' lang='lat'>.</span> 
     </span>
     <span class='ocr_line' id='line_1_8' title="bbox 175 1031 1269 1114; baseline -0.005 -14"><span class='ocrx_word' id='word_1_55' title='bbox 175 1059 244 1101; x_wconf 88' lang='lat' dir='ltr'>cum</span> <span class='ocrx_word' id='word_1_56' title='bbox 266 1040 378 1098; x_wconf 82' lang='lat' dir='ltr'>iactura</span> <span class='ocrx_word' id='word_1_57' title='bbox 401 1045 430 1095; x_wconf 92' lang='lat' dir='ltr'>et</span> <span class='ocrx_word' id='word_1_58' title='bbox 449 1053 584 1094; x_wconf 89' lang='lat' dir='ltr'>moerore</span> <span class='ocrx_word' id='word_1_59' title='bbox 607 1031 740 1090; x_wconf 88' lang='lat' dir='ltr'>sublatus</span> <span class='ocrx_word' id='word_1_60' title='bbox 761 1031 921 1089; x_wconf 82' lang='lat' dir='ltr'>suerit&#39;ln</span> <span class='ocrx_word' id='word_1_61' title='bbox 941 1040 1054 1091; x_wconf 77' lang='lat' dir='ltr'>tantam</span> <span class='ocrx_word' id='word_1_62' title='bbox 1083 1033 1162 1092; x_wconf 86' lang='lat' dir='ltr'>enim</span> <span class='ocrx_word' id='word_1_63' title='bbox 1183 1054 1269 1114; x_wconf 82' lang='lat' dir='ltr'>spem</span> 
     </span>
     <span class='ocr_line' id='line_1_9' title="bbox 177 1131 1270 1212; baseline -0.006 -10"><span class='ocrx_word' id='word_1_64' title='bbox 177 1138 279 1202; x_wconf 84' lang='lat' dir='ltr'>omnes</span> <span class='ocrx_word' id='word_1_65' title='bbox 291 1140 458 1212; x_wconf 74' lang='lat' dir='ltr'>induxerat,</span> <span class='ocrx_word' id='word_1_66' title='bbox 480 1147 516 1195; x_wconf 91' lang='lat' dir='ltr'>ut</span> <span class='ocrx_word' id='word_1_67' title='bbox 536 1154 622 1194; x_wconf 88' lang='lat' dir='ltr'>nemo</span> <span class='ocrx_word' id='word_1_68' title='bbox 639 1141 724 1205; x_wconf 87' lang='lat' dir='ltr'>esset,</span> <span class='ocrx_word' id='word_1_69' title='bbox 746 1133 799 1211; x_wconf 89' lang='lat' dir='ltr'>qui</span> <span class='ocrx_word' id='word_1_70' title='bbox 813 1131 972 1209; x_wconf 84' lang='lat' dir='ltr'><strong>dubitaret,</strong></span> <span class='ocrx_word' id='word_1_71' title='bbox 997 1134 1079 1212; x_wconf 88' lang='lat' dir='ltr'>quin,</span> <span class='ocrx_word' id='word_1_72' title='bbox 1103 1136 1156 1194; x_wconf 90' lang='lat' dir='ltr'>ubi</span> <span class='ocrx_word' id='word_1_73' title='bbox 1170 1147 1270 1196; x_wconf 83' lang='lat' dir='ltr'>mutu-</span> 
     </span>
     <span class='ocr_line' id='line_1_10' title="bbox 175 1234 1269 1325; baseline -0.006 -21"><span class='ocrx_word' id='word_1_74' title='bbox 175 1245 240 1305; x_wconf 81' lang='lat' dir='ltr'>sior</span> <span class='ocrx_word' id='word_1_75' title='bbox 261 1253 340 1301; x_wconf 87' lang='lat' dir='ltr'>aetas</span> <span class='ocrx_word' id='word_1_76' title='bbox 360 1238 542 1310; x_wconf 77' lang='lat' dir='ltr'>accessisset,</span> <span class='ocrx_word' id='word_1_77' title='bbox 565 1244 595 1294; x_wconf 90' lang='lat' dir='ltr'>et</span> <span class='ocrx_word' id='word_1_78' title='bbox 610 1234 785 1294; x_wconf 87' lang='lat' dir='ltr'>eruditionis</span> <span class='ocrx_word' id='word_1_79' title='bbox 800 1243 829 1293; x_wconf 90' lang='lat' dir='ltr'>et</span> <span class='ocrx_word' id='word_1_80' title='bbox 847 1235 1011 1295; x_wconf 82' lang='lat' dir='ltr'>sanctitatis</span> <span class='ocrx_word' id='word_1_81' title='bbox 1025 1238 1136 1296; x_wconf 86' lang='lat' dir='ltr'>nostrie</span> <span class='ocrx_word' id='word_1_82' title='bbox 1151 1248 1269 1325; x_wconf 82' lang='lat' dir='ltr'>tempo-</span> 
     </span>
     <span class='ocr_line' id='line_1_11' title="bbox 110 1336 1269 1420; baseline -0.003 -16"><span class='ocrx_word' id='word_1_83' title='bbox 110 1364 113 1369; x_wconf 53' lang='lat'><em>*</em></span> <span class='ocrx_word' id='word_1_84' title='bbox 176 1345 260 1405; x_wconf 84' lang='lat' dir='ltr'>sibus</span> <span class='ocrx_word' id='word_1_85' title='bbox 273 1343 420 1420; x_wconf 83' lang='lat' dir='ltr'>singulare</span> <span class='ocrx_word' id='word_1_86' title='bbox 433 1338 602 1416; x_wconf 85' lang='lat' dir='ltr'>exemplum</span> <span class='ocrx_word' id='word_1_87' title='bbox 615 1345 692 1394; x_wconf 86' lang='lat' dir='ltr'>esset</span> <span class='ocrx_word' id='word_1_88' title='bbox 705 1336 834 1393; x_wconf 83' lang='lat' dir='ltr'>futurus.</span> <span class='ocrx_word' id='word_1_89' title='bbox 877 1337 952 1395; x_wconf 81' lang='lat' dir='ltr'>Nem</span> <span class='ocrx_word' id='word_1_90' title='bbox 964 1358 1004 1396; x_wconf 85' lang='lat' dir='ltr'>ex</span> <span class='ocrx_word' id='word_1_91' title='bbox 1018 1338 1081 1398; x_wconf 90' lang='lat' dir='ltr'>eius</span> <span class='ocrx_word' id='word_1_92' title='bbox 1099 1338 1184 1399; x_wconf 91' lang='lat' dir='ltr'>obitu</span> <span class='ocrx_word' id='word_1_93' title='bbox 1198 1342 1269 1400; x_wconf 89' lang='lat' dir='ltr'>lieet</span> 
     </span>
     <span class='ocr_line' id='line_1_12' title="bbox 176 1418 1270 1522; baseline -0.004 -17"><span class='ocrx_word' id='word_1_94' title='bbox 176 1446 249 1507; x_wconf 87' lang='lat' dir='ltr'>bani</span> <span class='ocrx_word' id='word_1_95' title='bbox 278 1465 379 1503; x_wconf 79' lang='lat' dir='ltr'>ornnes</span> <span class='ocrx_word' id='word_1_96' title='bbox 406 1443 552 1501; x_wconf 76' lang='lat' dir='ltr'>iacturam</span> <span class='ocrx_word' id='word_1_97' title='bbox 580 1439 740 1496; x_wconf 78' lang='lat' dir='ltr'>maximam</span> <span class='ocrx_word' id='word_1_98' title='bbox 764 1418 869 1497; x_wconf 82' lang='lat' dir='ltr'>secisse</span> <span class='ocrx_word' id='word_1_99' title='bbox 893 1440 1033 1499; x_wconf 85' lang='lat' dir='ltr'>censendi</span> <span class='ocrx_word' id='word_1_100' title='bbox 1055 1441 1129 1515; x_wconf 90' lang='lat' dir='ltr'>sint,</span> <span class='ocrx_word' id='word_1_101' title='bbox 1157 1461 1270 1522; x_wconf 81' lang='lat' dir='ltr'>speque</span> 
     </span>
     <span class='ocr_line' id='line_1_13' title="bbox 178 1536 1271 1625; baseline -0.003 -19"><span class='ocrx_word' id='word_1_102' title='bbox 178 1547 268 1621; x_wconf 87' lang='lat' dir='ltr'>omni,</span> <span class='ocrx_word' id='word_1_103' title='bbox 300 1566 389 1625; x_wconf 87' lang='lat' dir='ltr'>quam</span> <span class='ocrx_word' id='word_1_104' title='bbox 411 1562 555 1602; x_wconf 77' lang='lat' dir='ltr'>sumnum</span> <span class='ocrx_word' id='word_1_105' title='bbox 575 1538 612 1599; x_wconf 90' lang='lat' dir='ltr'>de</span> <span class='ocrx_word' id='word_1_106' title='bbox 638 1559 672 1597; x_wconf 94' lang='lat' dir='ltr'>eo</span> <span class='ocrx_word' id='word_1_107' title='bbox 696 1536 855 1613; x_wconf 79' lang='lat' dir='ltr'>habebant,</span> <span class='ocrx_word' id='word_1_108' title='bbox 882 1541 1193 1620; x_wconf 77' lang='lat' dir='ltr'>frustratiiscuerint,</span> <span class='ocrx_word' id='word_1_109' title='bbox 1216 1565 1271 1623; x_wconf 86' lang='lat' dir='ltr'>ego</span> 
     </span>
     <span class='ocr_line' id='line_1_14' title="bbox 177 1640 1273 1718; baseline 0.001 -12"><span class='ocrx_word' id='word_1_110' title='bbox 177 1669 240 1711; x_wconf 86' lang='lat' dir='ltr'>nan</span> <span class='ocrx_word' id='word_1_111' title='bbox 256 1658 318 1706; x_wconf 81' lang='lat' dir='ltr'>tem</span> <span class='ocrx_word' id='word_1_112' title='bbox 339 1644 464 1708; x_wconf 87' lang='lat' dir='ltr'>moleste</span> <span class='ocrx_word' id='word_1_113' title='bbox 482 1642 552 1716; x_wconf 85' lang='lat' dir='ltr'>tuli,</span> <span class='ocrx_word' id='word_1_114' title='bbox 582 1640 665 1718; x_wconf 89' lang='lat' dir='ltr'>quod</span> <span class='ocrx_word' id='word_1_115' title='bbox 684 1640 747 1698; x_wconf 90' lang='lat' dir='ltr'>eius</span> <span class='ocrx_word' id='word_1_116' title='bbox 772 1642 957 1711; x_wconf 68' lang='lat' dir='ltr'>sanctissima</span> <span class='ocrx_word' id='word_1_117' title='bbox 978 1645 1194 1704; x_wconf 85' lang='lat' dir='ltr'>consuetudine</span> <span class='ocrx_word' id='word_1_118' title='bbox 1211 1655 1273 1707; x_wconf 86' lang='lat' dir='ltr'>tam</span> 
     </span>
     <span class='ocr_line' id='line_1_15' title="bbox 179 1739 1356 1829; baseline -0.001 -20"><span class='ocrx_word' id='word_1_119' title='bbox 179 1758 303 1829; x_wconf 82' lang='lat' dir='ltr'>repente</span> <span class='ocrx_word' id='word_1_120' title='bbox 327 1745 489 1818; x_wconf 82' lang='lat' dir='ltr'>caruerim,</span> <span class='ocrx_word' id='word_1_121' title='bbox 527 1744 582 1801; x_wconf 87' lang='lat' dir='ltr'>etsi</span> <span class='ocrx_word' id='word_1_122' title='bbox 602 1741 633 1799; x_wconf 92' lang='lat' dir='ltr'>id</span> <span class='ocrx_word' id='word_1_123' title='bbox 661 1739 733 1799; x_wconf 83' lang='lat' dir='ltr'>niihi</span> <span class='ocrx_word' id='word_1_124' title='bbox 754 1744 877 1825; x_wconf 80' lang='lat' dir='ltr'>contigit</span> <span class='ocrx_word' id='word_1_125' title='bbox 896 1745 1152 1821; x_wconf 88' lang='lat' dir='ltr'>molestissimum,</span> <span class='ocrx_word' id='word_1_126' title='bbox 1182 1767 1272 1825; x_wconf 85' lang='lat' dir='ltr'>quum</span> <span class='ocrx_word' id='word_1_127' title='bbox 1347 1778 1356 1789; x_wconf 83' lang='lat'><strong>·</strong></span> 
     </span>
     <span class='ocr_line' id='line_1_16' title="bbox 181 1842 1274 1929; baseline 0.004 -24"><span class='ocrx_word' id='word_1_128' title='bbox 181 1847 273 1925; x_wconf 90' lang='lat' dir='ltr'>quod,</span> <span class='ocrx_word' id='word_1_129' title='bbox 296 1867 364 1906; x_wconf 90' lang='lat' dir='ltr'>cum</span> <span class='ocrx_word' id='word_1_130' title='bbox 381 1867 418 1907; x_wconf 83' lang='lat' dir='ltr'>ex</span> <span class='ocrx_word' id='word_1_131' title='bbox 431 1842 708 1923; x_wconf 77' lang='lat' dir='ltr'>eiua-familiaritate</span> <span class='ocrx_word' id='word_1_132' title='bbox 720 1845 871 1922; x_wconf 84' lang='lat' dir='ltr'>specimen</span> <span class='ocrx_word' id='word_1_133' title='bbox 890 1847 975 1924; x_wconf 84' lang='lat' dir='ltr'>qussi</span> <span class='ocrx_word' id='word_1_134' title='bbox 990 1844 1141 1925; x_wconf 85' lang='lat' dir='ltr'><strong>quoddam</strong></span> <span class='ocrx_word' id='word_1_135' title='bbox 1153 1858 1184 1907; x_wconf 91' lang='lat' dir='ltr'>et</span> <span class='ocrx_word' id='word_1_136' title='bbox 1199 1869 1274 1929; x_wconf 85' lang='lat' dir='ltr'>pro-</span> 
     </span>
     <span class='ocr_line' id='line_1_17' title="bbox 181 1945 1273 2027; baseline 0.003 -19"><span class='ocrx_word' id='word_1_137' title='bbox 181 1948 282 2008; x_wconf 77' lang='lat' dir='ltr'>bitatis</span> <span class='ocrx_word' id='word_1_138' title='bbox 303 1957 333 2007; x_wconf 93' lang='lat' dir='ltr'>et</span> <span class='ocrx_word' id='word_1_139' title='bbox 360 1947 505 2007; x_wconf 80' lang='lat' dir='ltr'>sasicitise</span> <span class='ocrx_word' id='word_1_140' title='bbox 528 1945 739 2022; x_wconf 84' lang='lat' dir='ltr'>concepissem,</span> <span class='ocrx_word' id='word_1_141' title='bbox 761 1946 814 2004; x_wconf 92' lang='lat' dir='ltr'>ubi</span> <span class='ocrx_word' id='word_1_142' title='bbox 838 1948 903 2027; x_wconf 87' lang='lat' dir='ltr'>ipse</span> <span class='ocrx_word' id='word_1_143' title='bbox 925 1948 1061 2022; x_wconf 85' lang='lat' dir='ltr'>decessit,</span> <span class='ocrx_word' id='word_1_144' title='bbox 1081 1951 1121 2008; x_wconf 82' lang='lat' dir='ltr'>ita</span> <span class='ocrx_word' id='word_1_145' title='bbox 1142 1950 1273 2012; x_wconf 89' lang='lat' dir='ltr'>animum</span> 
     </span>
     <span class='ocr_line' id='line_1_18' title="bbox 182 2047 1274 2133; baseline 0.004 -25"><span class='ocrx_word' id='word_1_146' title='bbox 182 2048 402 2130; x_wconf 80' lang='lat' dir='ltr'>despondesim,</span> <span class='ocrx_word' id='word_1_147' title='bbox 424 2058 468 2124; x_wconf 90' lang='lat' dir='ltr'>ut,</span> <span class='ocrx_word' id='word_1_148' title='bbox 489 2049 568 2127; x_wconf 81' lang='lat' dir='ltr'>quia,</span> <span class='ocrx_word' id='word_1_149' title='bbox 592 2047 673 2126; x_wconf 89' lang='lat' dir='ltr'>quod</span> <span class='ocrx_word' id='word_1_150' title='bbox 690 2048 794 2133; x_wconf 73' lang='lat' dir='ltr'>,simile</span> <span class='ocrx_word' id='word_1_151' title='bbox 811 2049 843 2107; x_wconf 86' lang='lat' dir='ltr'>¹ei</span> <span class='ocrx_word' id='word_1_152' title='bbox 857 2059 942 2124; x_wconf 88' lang='lat' dir='ltr'>esset,</span> <span class='ocrx_word' id='word_1_153' title='bbox 963 2071 1025 2109; x_wconf 90' lang='lat' dir='ltr'>non</span> <span class='ocrx_word' id='word_1_154' title='bbox 1037 2051 1126 2111; x_wconf 78' lang='lat' dir='ltr'>facile</span> <span class='ocrx_word' id='word_1_155' title='bbox 1141 2054 1274 2132; x_wconf 86' lang='lat' dir='ltr'>reperie-</span> 
     </span>
     <span class='ocr_line' id='line_1_19' title="bbox 125 2146 1283 2231; baseline 0.009 -26"><span class='ocrx_word' id='word_1_156' title='bbox 125 2192 132 2205; x_wconf 89' lang='lat'><strong>.</strong></span> <span class='ocrx_word' id='word_1_157' title='bbox 180 2150 279 2224; x_wconf 81' lang='lat' dir='ltr'>batur,</span> <span class='ocrx_word' id='word_1_158' title='bbox 301 2151 481 2231; x_wconf 77' lang='lat' dir='ltr'>probitatem</span> <span class='ocrx_word' id='word_1_159' title='bbox 504 2150 630 2228; x_wconf 82' lang='lat' dir='ltr'>amplius</span> <span class='ocrx_word' id='word_1_160' title='bbox 646 2146 819 2210; x_wconf 86' lang='lat' dir='ltr'>huiusmodi</span> <span class='ocrx_word' id='word_1_161' title='bbox 835 2151 924 2209; x_wconf 80' lang='lat' dir='ltr'>ullam</span> <span class='ocrx_word' id='word_1_162' title='bbox 939 2152 1132 2213; x_wconf 82' lang='lat' dir='ltr'>inventurum</span> <span class='ocrx_word' id='word_1_163' title='bbox 1149 2176 1196 2214; x_wconf 91' lang='lat' dir='ltr'>me</span> <span class='ocrx_word' id='word_1_164' title='bbox 1211 2158 1283 2215; x_wconf 79' lang='lat' dir='ltr'>esse</span> 
     </span>
     <span class='ocr_line' id='line_1_20' title="bbox 184 2250 1277 2334; baseline 0.003 -22"><span class='ocrx_word' id='word_1_165' title='bbox 184 2250 361 2312; x_wconf 85' lang='lat' dir='ltr'>diffiderem.</span> <span class='ocrx_word' id='word_1_166' title='bbox 411 2253 496 2311; x_wconf 88' lang='lat' dir='ltr'>Nunc</span> <span class='ocrx_word' id='word_1_167' title='bbox 517 2271 601 2326; x_wconf 82' lang='lat' dir='ltr'>varo,</span> <span class='ocrx_word' id='word_1_168' title='bbox 630 2270 699 2310; x_wconf 91' lang='lat' dir='ltr'>cum</span> <span class='ocrx_word' id='word_1_169' title='bbox 716 2263 760 2328; x_wconf 88' lang='lat' dir='ltr'>tu,</span> <span class='ocrx_word' id='word_1_170' title='bbox 789 2252 951 2313; x_wconf 77' lang='lat' dir='ltr'>clarissime</span> <span class='ocrx_word' id='word_1_171' title='bbox 975 2255 1142 2330; x_wconf 75' lang='lat' dir='ltr'>Francises,</span> <span class='ocrx_word' id='word_1_172' title='bbox 1171 2257 1277 2334; x_wconf 88' lang='lat' dir='ltr'>quiin</span> 
     </span>
     <span class='ocr_line' id='line_1_21' title="bbox 184 2353 1275 2436; baseline 0.007 -25"><span class='ocrx_word' id='word_1_173' title='bbox 184 2353 286 2412; x_wconf 90' lang='lat' dir='ltr'>locum</span> <span class='ocrx_word' id='word_1_174' title='bbox 308 2355 372 2414; x_wconf 86' lang='lat' dir='ltr'>eius</span> <span class='ocrx_word' id='word_1_175' title='bbox 397 2354 575 2428; x_wconf 82' lang='lat' dir='ltr'>successisti,</span> <span class='ocrx_word' id='word_1_176' title='bbox 598 2363 628 2413; x_wconf 91' lang='lat' dir='ltr'>et</span> <span class='ocrx_word' id='word_1_177' title='bbox 645 2354 774 2431; x_wconf 87' lang='lat' dir='ltr'>ingenio,</span> <span class='ocrx_word' id='word_1_178' title='bbox 797 2363 827 2414; x_wconf 90' lang='lat' dir='ltr'>et</span> <span class='ocrx_word' id='word_1_179' title='bbox 846 2353 952 2414; x_wconf 89' lang='lat' dir='ltr'>studiis</span> <span class='ocrx_word' id='word_1_180' title='bbox 972 2356 1061 2434; x_wconf 87' lang='lat' dir='ltr'>plane</span> <span class='ocrx_word' id='word_1_181' title='bbox 1075 2357 1275 2436; x_wconf 82' lang='lat' dir='ltr'>eumreseras,</span> 
     </span>
     <span class='ocr_line' id='line_1_22' title="bbox 184 2454 1278 2535; baseline 0.006 -23"><span class='ocrx_word' id='word_1_182' title='bbox 184 2454 369 2534; x_wconf 84' lang='lat' dir='ltr'>eandemque</span> <span class='ocrx_word' id='word_1_183' title='bbox 388 2475 506 2515; x_wconf 86' lang='lat' dir='ltr'>morum</span> <span class='ocrx_word' id='word_1_184' title='bbox 531 2457 709 2535; x_wconf 87' lang='lat' dir='ltr'>probitatem</span> <span class='ocrx_word' id='word_1_185' title='bbox 737 2474 810 2533; x_wconf 90' lang='lat' dir='ltr'>prae</span> <span class='ocrx_word' id='word_1_186' title='bbox 831 2463 860 2512; x_wconf 88' lang='lat' dir='ltr'>te</span> <span class='ocrx_word' id='word_1_187' title='bbox 880 2455 977 2530; x_wconf 85' lang='lat' dir='ltr'>feras&#39;,</span> <span class='ocrx_word' id='word_1_188' title='bbox 1004 2466 1117 2516; x_wconf 88' lang='lat' dir='ltr'>utnon</span> <span class='ocrx_word' id='word_1_189' title='bbox 1146 2470 1207 2519; x_wconf 87' lang='lat' dir='ltr'>tam</span> <span class='ocrx_word' id='word_1_190' title='bbox 1230 2462 1278 2519; x_wconf 88' lang='lat' dir='ltr'>di-</span> 
     </span>
     <span class='ocr_line' id='line_1_23' title="bbox 110 2556 1278 2637; baseline 0.007 -23"><span class='ocrx_word' id='word_1_191' title='bbox 110 2627 112 2636; x_wconf 93' lang='lat'>.</span> <span class='ocrx_word' id='word_1_192' title='bbox 186 2557 315 2633; x_wconf 83' lang='lat' dir='ltr'>gnitstis,</span> <span class='ocrx_word' id='word_1_193' title='bbox 338 2578 427 2636; x_wconf 83' lang='lat' dir='ltr'>quam</span> <span class='ocrx_word' id='word_1_194' title='bbox 443 2557 590 2637; x_wconf 89' lang='lat' dir='ltr'>propositi</span> <span class='ocrx_word' id='word_1_195' title='bbox 609 2567 699 2636; x_wconf 90' lang='lat' dir='ltr'>atque</span> <span class='ocrx_word' id='word_1_196' title='bbox 719 2556 807 2617; x_wconf 89' lang='lat' dir='ltr'>animi</span> <span class='ocrx_word' id='word_1_197' title='bbox 830 2556 918 2616; x_wconf 85' lang='lat' dir='ltr'>etism</span> <span class='ocrx_word' id='word_1_198' title='bbox 929 2558 994 2617; x_wconf 85' lang='lat' dir='ltr'>eius</span> <span class='ocrx_word' id='word_1_199' title='bbox 1017 2578 1173 2621; x_wconf 83' lang='lat' dir='ltr'>successor</span> <span class='ocrx_word' id='word_1_200' title='bbox 1186 2563 1278 2622; x_wconf 80' lang='lat' dir='ltr'>luisse</span> 
     </span>
     <span class='ocr_line' id='line_1_24' title="bbox 184 2645 1339 2740; baseline 0.004 -23"><span class='ocrx_word' id='word_1_201' title='bbox 184 2656 325 2733; x_wconf 78' lang='lat' dir='ltr'>videaris,</span> <span class='ocrx_word' id='word_1_202' title='bbox 348 2647 426 2718; x_wconf 86' lang='lat' dir='ltr'>nihil</span> <span class='ocrx_word' id='word_1_203' title='bbox 448 2678 563 2733; x_wconf 82' lang='lat' dir='ltr'>vereor,</span> <span class='ocrx_word' id='word_1_204' title='bbox 586 2660 657 2737; x_wconf 87' lang='lat' dir='ltr'>quin</span> <span class='ocrx_word' id='word_1_205' title='bbox 684 2678 748 2718; x_wconf 87' lang='lat' dir='ltr'>eam</span> <span class='ocrx_word' id='word_1_206' title='bbox 771 2659 1032 2736; x_wconf 84' lang='lat' dir='ltr'>exspectationem,</span> <span class='ocrx_word' id='word_1_207' title='bbox 1055 2680 1143 2740; x_wconf 89' lang='lat' dir='ltr'>quam</span> <span class='ocrx_word' id='word_1_208' title='bbox 1165 2662 1215 2722; x_wconf 87' lang='lat' dir='ltr'>ille</span> <span class='ocrx_word' id='word_1_209' title='bbox 1241 2663 1278 2722; x_wconf 87' lang='lat' dir='ltr'>de</span> <span class='ocrx_word' id='word_1_210' title='bbox 1335 2645 1339 2653; x_wconf 42' lang='lat'>⁸</span> 
     </span>
     <span class='ocr_line' id='line_1_25' title="bbox 186 2758 1278 2840; baseline 0.005 -22"><span class='ocrx_word' id='word_1_211' title='bbox 186 2778 219 2818; x_wconf 87' lang='lat' dir='ltr'>ae</span> <span class='ocrx_word' id='word_1_212' title='bbox 240 2760 322 2838; x_wconf 82' lang='lat' dir='ltr'>apud</span> <span class='ocrx_word' id='word_1_213' title='bbox 343 2781 443 2821; x_wconf 90' lang='lat' dir='ltr'>omnes</span> <span class='ocrx_word' id='word_1_214' title='bbox 467 2762 679 2834; x_wconf 76' lang='lat' dir='ltr'>concitaverat,</span> <span class='ocrx_word' id='word_1_215' title='bbox 702 2758 848 2819; x_wconf 86' lang='lat' dir='ltr'>sustinere</span> <span class='ocrx_word' id='word_1_216' title='bbox 868 2779 904 2817; x_wconf 91' lang='lat' dir='ltr'>ac</span> <span class='ocrx_word' id='word_1_217' title='bbox 925 2762 1003 2820; x_wconf 83' lang='lat' dir='ltr'>tueri</span> <span class='ocrx_word' id='word_1_218' title='bbox 1026 2762 1114 2822; x_wconf 82' lang='lat' dir='ltr'>etiam</span> <span class='ocrx_word' id='word_1_219' title='bbox 1125 2764 1278 2840; x_wconf 81' lang='lat' dir='ltr'>magnifice</span> 
     </span>
     <span class='ocr_line' id='line_1_26' title="bbox 185 2855 1279 2944; baseline 0.004 -25"><span class='ocrx_word' id='word_1_220' title='bbox 185 2855 293 2940; x_wconf 81' lang='lat' dir='ltr'>possis.</span> <span class='ocrx_word' id='word_1_221' title='bbox 337 2864 487 2944; x_wconf 87' lang='lat' dir='ltr'>Suscipies</span> <span class='ocrx_word' id='word_1_222' title='bbox 505 2863 600 2940; x_wconf 86' lang='lat' dir='ltr'>igitur</span> <span class='ocrx_word' id='word_1_223' title='bbox 621 2862 653 2921; x_wconf 90' lang='lat' dir='ltr'>in</span> <span class='ocrx_word' id='word_1_224' title='bbox 672 2862 837 2942; x_wconf 85' lang='lat' dir='ltr'>praesentia</span> <span class='ocrx_word' id='word_1_225' title='bbox 852 2861 1089 2938; x_wconf 84' lang='lat' dir='ltr'>Demosthenem,</span> <span class='ocrx_word' id='word_1_226' title='bbox 1112 2885 1148 2922; x_wconf 88' lang='lat' dir='ltr'>ac</span> <span class='ocrx_word' id='word_1_227' title='bbox 1162 2865 1279 2943; x_wconf 87' lang='lat' dir='ltr'>quoties</span> 
     </span>
     <span class='ocr_line' id='line_1_27' title="bbox 188 2962 1314 3040; baseline -0.002 -16"><span class='ocrx_word' id='word_1_228' title='bbox 188 2983 256 3024; x_wconf 84' lang='lat' dir='ltr'>eum</span> <span class='ocrx_word' id='word_1_229' title='bbox 278 2965 310 3023; x_wconf 86' lang='lat' dir='ltr'>in</span> <span class='ocrx_word' id='word_1_230' title='bbox 332 2985 437 3023; x_wconf 85' lang='lat' dir='ltr'>manus</span> <span class='ocrx_word' id='word_1_231' title='bbox 452 2985 560 3037; x_wconf 86' lang='lat' dir='ltr'>sumes,</span> <span class='ocrx_word' id='word_1_232' title='bbox 582 2966 755 3040; x_wconf 81' lang='lat' dir='ltr'>frequenter</span> <span class='ocrx_word' id='word_1_233' title='bbox 771 2973 869 3020; x_wconf 87' lang='lat' dir='ltr'>autem</span> <span class='ocrx_word' id='word_1_234' title='bbox 883 2962 913 3019; x_wconf 89' lang='lat' dir='ltr'>id</span> <span class='ocrx_word' id='word_1_235' title='bbox 931 2964 1079 3023; x_wconf 78' lang='lat' dir='ltr'>facturum</span> <span class='ocrx_word' id='word_1_236' title='bbox 1093 2975 1122 3024; x_wconf 90' lang='lat' dir='ltr'>tc</span> <span class='ocrx_word' id='word_1_237' title='bbox 1139 2986 1201 3024; x_wconf 88' lang='lat' dir='ltr'>esse</span> <span class='ocrx_word' id='word_1_238' title='bbox 1218 2984 1279 3023; x_wconf 91' lang='lat' dir='ltr'>nan</span> <span class='ocrx_word' id='word_1_239' title='bbox 1312 2962 1314 2969; x_wconf 71' lang='lat'>&#39;</span> 
     </span>
     <span class='ocr_line' id='line_1_28' title="bbox 189 3063 1328 3145; baseline 0 -20"><span class='ocrx_word' id='word_1_240' title='bbox 189 3065 305 3142; x_wconf 90' lang='lat' dir='ltr'>dubito,</span> <span class='ocrx_word' id='word_1_241' title='bbox 327 3087 389 3145; x_wconf 79' lang='lat' dir='ltr'>non</span> <span class='ocrx_word' id='word_1_242' title='bbox 400 3077 463 3125; x_wconf 80' lang='lat' dir='ltr'>tem</span> <span class='ocrx_word' id='word_1_243' title='bbox 478 3084 625 3124; x_wconf 89' lang='lat' dir='ltr'>summum</span> <span class='ocrx_word' id='word_1_244' title='bbox 636 3073 794 3136; x_wconf 83' lang='lat' dir='ltr'>oratorem,</span> <span class='ocrx_word' id='word_1_245' title='bbox 812 3080 900 3139; x_wconf 82' lang='lat' dir='ltr'>quam</span> <span class='ocrx_word' id='word_1_246' title='bbox 915 3063 1077 3122; x_wconf 83' lang='lat' dir='ltr'>maximum</span> <span class='ocrx_word' id='word_1_247' title='bbox 1092 3066 1182 3124; x_wconf 80' lang='lat' dir='ltr'>etiam</span> <span class='ocrx_word' id='word_1_248' title='bbox 1197 3087 1281 3125; x_wconf 56' lang='lat' dir='ltr'>ame</span> <span class='ocrx_word' id='word_1_249' title='bbox 1326 3082 1328 3089; x_wconf 66' lang='lat'><em>¹</em></span> 
     </span>
     <span class='ocr_line' id='line_1_29' title="bbox 187 3162 1059 3231; baseline -0.002 -5"><span class='ocrx_word' id='word_1_250' title='bbox 187 3166 231 3226; x_wconf 79' lang='lat' dir='ltr'>aii</span> <span class='ocrx_word' id='word_1_251' title='bbox 244 3168 275 3231; x_wconf 87' lang='lat' dir='ltr'>in</span> <span class='ocrx_word' id='word_1_252' title='bbox 291 3176 322 3228; x_wconf 80' lang='lat' dir='ltr'>ta</span> <span class='ocrx_word' id='word_1_253' title='bbox 333 3169 392 3229; x_wconf 85' lang='lat' dir='ltr'>mei</span> <span class='ocrx_word' id='word_1_254' title='bbox 405 3166 549 3228; x_wconf 86' lang='lat' dir='ltr'>iudicium</span> <span class='ocrx_word' id='word_1_255' title='bbox 564 3184 681 3226; x_wconf 71' lang='lat' dir='ltr'>mmsis</span> <span class='ocrx_word' id='word_1_256' title='bbox 695 3173 726 3224; x_wconf 89' lang='lat' dir='ltr'>te</span> <span class='ocrx_word' id='word_1_257' title='bbox 743 3162 934 3223; x_wconf 81' lang='lat' dir='ltr'>existimabis.</span> <span class='ocrx_word' id='word_1_258' title='bbox 977 3164 1059 3224; x_wconf 87' lang='lat' dir='ltr'>Vale.</span> 
     </span>
    </p>
   </div>
   <div class='ocr_carea' id='block_1_5' title="bbox 643 3358 885 3389">
    <p class='ocr_par' dir='ltr' id='par_1_5' title="bbox 643 3358 885 3389">
     <span class='ocr_line' id='line_1_30' title="bbox 643 3358 885 3389; baseline -0.012 3"><span class='ocrx_word' id='word_1_259' title='bbox 643 3358 885 3389; x_wconf 61' lang='lat' dir='ltr'>t——at--le</span> 
     </span>
    </p>
   </div>
   <div class='ocr_carea' id='block_1_6' title="bbox 609 3516 863 3611">
    <p class='ocr_par' dir='ltr' id='par_1_6' title="bbox 609 3516 863 3611">
     <span class='ocr_line' id='line_1_31' title="bbox 609 3516 863 3611; baseline -0.008 -35"><span class='ocrx_word' id='word_1_260' title='bbox 609 3516 805 3611; x_wconf 70' lang='lat' dir='ltr'>sermons</span> <span class='ocrx_word' id='word_1_261' title='bbox 834 3518 863 3576; x_wconf 91' lang='lat' dir='ltr'>s.</span> 
     </span>
    </p>
   </div>
   <div class='ocr_carea' id='block_1_7' title="bbox 189 3634 1378 4329">
    <p class='ocr_par' dir='ltr' id='par_1_7' title="bbox 189 3634 1378 4329">
     <span class='ocr_line' id='line_1_32' title="bbox 256 3634 1283 3717; baseline 0.001 -22"><span class='ocrx_word' id='word_1_262' title='bbox 256 3636 331 3695; x_wconf 85' lang='lat' dir='ltr'>Cum</span> <span class='ocrx_word' id='word_1_263' title='bbox 354 3634 561 3696; x_wconf 83' lang='lat' dir='ltr'>Demosthenis</span> <span class='ocrx_word' id='word_1_264' title='bbox 589 3636 738 3697; x_wconf 85' lang='lat' dir='ltr'>arationes</span> <span class='ocrx_word' id='word_1_265' title='bbox 759 3634 798 3707; x_wconf 81' lang='lat' dir='ltr'>od</span> <span class='ocrx_word' id='word_1_266' title='bbox 821 3637 1012 3699; x_wconf 88' lang='lat' dir='ltr'>commodum</span> <span class='ocrx_word' id='word_1_267' title='bbox 1034 3645 1167 3697; x_wconf 81' lang='lat' dir='ltr'>vestrum</span> <span class='ocrx_word' id='word_1_268' title='bbox 1189 3656 1283 3717; x_wconf 83' lang='lat' dir='ltr'>parvo</span> 
     </span>
     <span class='ocr_line' id='line_1_33' title="bbox 190 3726 1284 3818; baseline 0 -23"><span class='ocrx_word' id='word_1_269' title='bbox 190 3734 249 3795; x_wconf 88' lang='lat' dir='ltr'>bac</span> <span class='ocrx_word' id='word_1_270' title='bbox 268 3736 363 3795; x_wconf 83' lang='lat' dir='ltr'>farma</span> <span class='ocrx_word' id='word_1_271' title='bbox 387 3726 622 3812; x_wconf 81' lang='lat' dir='ltr'>excudeientur,</span> <span class='ocrx_word' id='word_1_272' title='bbox 652 3742 762 3799; x_wconf 77' lang='lat' dir='ltr'>intres</span> <span class='ocrx_word' id='word_1_273' title='bbox 781 3748 883 3818; x_wconf 87' lang='lat' dir='ltr'>partes</span> <span class='ocrx_word' id='word_1_274' title='bbox 902 3742 950 3799; x_wconf 80' lang='lat' dir='ltr'>eis</span> <span class='ocrx_word' id='word_1_275' title='bbox 971 3737 1150 3799; x_wconf 78' lang='lat' dir='ltr'>dividendas</span> <span class='ocrx_word' id='word_1_276' title='bbox 1165 3735 1284 3796; x_wconf 76' lang='lat' dir='ltr'>emeni-</span> 
     </span>
     <span class='ocr_line' id='line_1_34' title="bbox 190 3834 1284 3919; baseline 0.003 -24"><span class='ocrx_word' id='word_1_277' title='bbox 190 3854 267 3910; x_wconf 86' lang='lat' dir='ltr'>mus,</span> <span class='ocrx_word' id='word_1_278' title='bbox 289 3857 337 3912; x_wconf 87' lang='lat' dir='ltr'>ne,</span> <span class='ocrx_word' id='word_1_279' title='bbox 358 3834 384 3896; x_wconf 90' lang='lat' dir='ltr'>si</span> <span class='ocrx_word' id='word_1_280' title='bbox 398 3857 460 3898; x_wconf 87' lang='lat' dir='ltr'>uuo</span> <span class='ocrx_word' id='word_1_281' title='bbox 471 3840 623 3902; x_wconf 85' lang='lat' dir='ltr'>volumine</span> <span class='ocrx_word' id='word_1_282' title='bbox 639 3862 740 3900; x_wconf 89' lang='lat' dir='ltr'>omnes</span> <span class='ocrx_word' id='word_1_283' title='bbox 756 3840 884 3900; x_wconf 84' lang='lat' dir='ltr'>fuissent</span> <span class='ocrx_word' id='word_1_284' title='bbox 906 3839 1147 3919; x_wconf 86' lang='lat' dir='ltr'>comprehensae,</span> <span class='ocrx_word' id='word_1_285' title='bbox 1168 3840 1201 3898; x_wconf 88' lang='lat' dir='ltr'>in</span> <span class='ocrx_word' id='word_1_286' title='bbox 1216 3848 1284 3898; x_wconf 83' lang='lat' dir='ltr'>tuu-</span> 
     </span>
     <span class='ocr_line' id='line_1_35' title="bbox 189 3939 1284 4018; baseline 0.005 -23"><span class='ocrx_word' id='word_1_287' title='bbox 189 3941 252 3995; x_wconf 80' lang='lat' dir='ltr'>tam</span> <span class='ocrx_word' id='word_1_288' title='bbox 270 3939 501 4018; x_wconf 85' lang='lat' dir='ltr'>magnitudinem</span> <span class='ocrx_word' id='word_1_289' title='bbox 522 3951 707 4005; x_wconf 78' lang='lat' dir='ltr'>excresceret</span> <span class='ocrx_word' id='word_1_290' title='bbox 728 3942 814 4016; x_wconf 89' lang='lat' dir='ltr'>libor,</span> <span class='ocrx_word' id='word_1_291' title='bbox 836 3951 872 4001; x_wconf 90' lang='lat' dir='ltr'>at</span> <span class='ocrx_word' id='word_1_292' title='bbox 889 3961 967 4001; x_wconf 84' lang='lat' dir='ltr'>vane</span> <span class='ocrx_word' id='word_1_293' title='bbox 986 3942 1081 4003; x_wconf 79' lang='lat' dir='ltr'>omisis</span> <span class='ocrx_word' id='word_1_294' title='bbox 1096 3940 1213 4017; x_wconf 77' lang='lat' dir='ltr'>utilitas</span> <span class='ocrx_word' id='word_1_295' title='bbox 1229 3940 1284 4001; x_wconf 88' lang='lat' dir='ltr'>fie-</span> 
     </span>
     <span class='ocr_line' id='line_1_36' title="bbox 191 4041 1284 4122; baseline 0.001 -25"><span class='ocrx_word' id='word_1_296' title='bbox 191 4048 247 4113; x_wconf 87' lang='lat' dir='ltr'>ret,</span> <span class='ocrx_word' id='word_1_297' title='bbox 270 4060 359 4120; x_wconf 88' lang='lat' dir='ltr'>quam</span> <span class='ocrx_word' id='word_1_298' title='bbox 381 4062 419 4101; x_wconf 81' lang='lat' dir='ltr'>ex</span> <span class='ocrx_word' id='word_1_299' title='bbox 439 4042 534 4103; x_wconf 78' lang='lat' dir='ltr'>sortita</span> <span class='ocrx_word' id='word_1_300' title='bbox 546 4042 604 4101; x_wconf 85' lang='lat' dir='ltr'>hac</span> <span class='ocrx_word' id='word_1_301' title='bbox 617 4043 707 4103; x_wconf 86' lang='lat' dir='ltr'>eratis</span> <span class='ocrx_word' id='word_1_302' title='bbox 720 4042 862 4102; x_wconf 80' lang='lat' dir='ltr'>habituri.</span> <span class='ocrx_word' id='word_1_303' title='bbox 906 4041 984 4122; x_wconf 76' lang='lat' dir='ltr'>Apte</span> <span class='ocrx_word' id='word_1_304' title='bbox 998 4051 1097 4102; x_wconf 88' lang='lat' dir='ltr'>sutem</span> <span class='ocrx_word' id='word_1_305' title='bbox 1111 4042 1227 4114; x_wconf 84' lang='lat' dir='ltr'>incidit,</span> <span class='ocrx_word' id='word_1_306' title='bbox 1249 4050 1284 4100; x_wconf 87' lang='lat' dir='ltr'>ut</span> 
     </span>
     <span class='ocr_line' id='line_1_37' title="bbox 192 4140 1283 4227; baseline 0.003 -29"><span class='ocrx_word' id='word_1_307' title='bbox 192 4140 304 4220; x_wconf 87' lang='lat' dir='ltr'>absque</span> <span class='ocrx_word' id='word_1_308' title='bbox 323 4143 385 4203; x_wconf 83' lang='lat' dir='ltr'>ulls</span> <span class='ocrx_word' id='word_1_309' title='bbox 406 4146 463 4205; x_wconf 85' lang='lat' dir='ltr'>uisi</span> <span class='ocrx_word' id='word_1_310' title='bbox 486 4167 580 4227; x_wconf 85' lang='lat' dir='ltr'>parva</span> <span class='ocrx_word' id='word_1_311' title='bbox 600 4145 764 4205; x_wconf 76' lang='lat' dir='ltr'>admodum</span> <span class='ocrx_word' id='word_1_312' title='bbox 775 4142 884 4203; x_wconf 84' lang='lat' dir='ltr'>veteris</span> <span class='ocrx_word' id='word_1_313' title='bbox 900 4142 1013 4203; x_wconf 89' lang='lat' dir='ltr'>ordinis</span> <span class='ocrx_word' id='word_1_314' title='bbox 1025 4145 1188 4205; x_wconf 84' lang='lat' dir='ltr'>mutatione</span> <span class='ocrx_word' id='word_1_315' title='bbox 1202 4144 1283 4202; x_wconf 86' lang='lat' dir='ltr'>facta</span> 
     </span>
     <span class='ocr_line' id='line_1_38' title="bbox 193 4242 1378 4329; baseline 0.003 -28"><span class='ocrx_word' id='word_1_316' title='bbox 193 4242 301 4315; x_wconf 79' lang='lat' dir='ltr'>divisio</span> <span class='ocrx_word' id='word_1_317' title='bbox 327 4246 374 4305; x_wconf 80' lang='lat' dir='ltr'>sit</span> <span class='ocrx_word' id='word_1_318' title='bbox 425 4248 499 4325; x_wconf 81' lang='lat' dir='ltr'>Nam</span> <span class='ocrx_word' id='word_1_319' title='bbox 525 4248 557 4308; x_wconf 88' lang='lat' dir='ltr'>ia</span> <span class='ocrx_word' id='word_1_320' title='bbox 579 4249 691 4329; x_wconf 72' lang='lat' dir='ltr'>prims</span> <span class='ocrx_word' id='word_1_321' title='bbox 704 4255 791 4327; x_wconf 77' lang='lat' dir='ltr'>purte</span> <span class='ocrx_word' id='word_1_322' title='bbox 811 4245 1022 4315; x_wconf 75' lang='lat' dir='ltr'>deliberatiyae</span> <span class='ocrx_word' id='word_1_323' title='bbox 1045 4265 1147 4307; x_wconf 83' lang='lat' dir='ltr'>omnes</span> <span class='ocrx_word' id='word_1_324' title='bbox 1168 4243 1284 4325; x_wconf 82' lang='lat' dir='ltr'>positae</span> <span class='ocrx_word' id='word_1_325' title='bbox 1372 4292 1378 4305; x_wconf 90' lang='lat'><strong>.</strong></span> 
     </span>
    </p>
   </div>
   <div class='ocr_carea' id='block_1_8' title="bbox 0 0 1414 4724">
    <p class='ocr_par' dir='ltr' id='par_1_8' title="bbox 0 0 1414 4724">
     <span class='ocr_line' id='line_1_39' title="bbox 0 0 1414 4724; baseline 0 0"><span class='ocrx_word' id='word_1_326' title='bbox 0 0 1414 4724; x_wconf 95' lang='lat' dir='ltr'> </span> 
     </span>
    </p>
   </div>
  </div>
 </body>
</html>
