2768 4724
407 246 474 314 an
496 239 955 334 nenosrnnnnn„
1166 256 1209 322 se

41 480 44 485 .
114 425 148 482 in
166 420 329 482 iudicando
354 418 530 502 adhibeant,
560 439 593 477 ea
613 421 741 501 seliqitas
769 440 829 478 non
853 430 912 482 tans
932 421 1097 484 industriae
1114 428 1221 502 meae,

117 543 208 603 quam
220 521 395 581 liberalitati
407 530 476 582 tuae
490 521 550 580 erit
568 520 781 582 adscribenda:
802 539 861 600 qua
875 521 985 583 lactum
997 533 1051 602 est,
1073 535 1117 602 ut,
1138 527 1208 608 plus
1249 555 1252 562 1
1301 598 1303 602 7

114 624 272 704 tranquilli
294 622 350 684 otii
372 633 486 699 metus,
509 623 679 705 expendere
698 623 796 682 omnia
819 623 988 702 diligentius
1008 638 1039 688 et
1055 630 1209 709 perpolito

112 748 246 808 possem.
291 725 382 799 Quod
401 726 444 784 ita
468 726 534 785 sore
553 733 590 784 ut
608 725 737 799 credam,
758 725 1011 787 fortunatissimus
1023 738 1093 788 tuus
1105 730 1211 807 genius

97 828 224 904 efficit,
260 836 291 888 et
309 826 428 886 rirmte
450 837 539 905 atque
561 828 678 905 ingenio
703 828 759 886 tibi
786 837 874 908 parta
897 831 1054 889 autoritas:
1081 849 1209 908 quarmn

112 935 218 992 rem
238 930 264 989 si
286 949 326 989 ex
343 929 493 989 uberrimo
516 941 570 989 tuo
584 931 666 990 tonte
680 930 730 988 vel
744 938 863 990 tenuem
880 931 1031 992 alveolum
1048 931 1080 991 in
1092 941 1210 992 nostros

114 1033 227 1111 agellos
249 1030 404 1106 derivaris,
425 1032 519 1091 laetos
541 1031 659 1092 honesti
680 1031 806 1091 nominis
832 1031 951 1092 fructus
965 1032 1126 1112 aliquando
1140 1053 1211 1113 per·
1254 1014 1261 1026 ’

16 1148 20 1153 ’
116 1135 273 1215 cipienms.
319 1131 474 1211 Augustae
493 1133 727 1210 vindelicorum,
749 1152 787 1195 ex
806 1133 988 1196 bibliotheca
1003 1145 1067 1203 tua,
1107 1135 1211 1203 Idibus

114 1226 252 1316 Augusti,
272 1235 366 1296 natali
382 1255 460 1311 meo,
484 1255 560 1296 anno
578 1235 671 1302 1668.

551 1456 757 1477 m

323 1651 708 1727 nsanonrnus
743 1595 1037 1728 wormes

118 1774 334 1837 HENRICO
367 1775 557 1850 FRATRl,
601 1773 951 1863 Purrosornlse
986 1774 1043 1834 ΕΤ
1076 1773 1212 1837 Mser.
1267 1836 1270 1844 ,

134 1875 285 1938 ὈΙΝΑΕ
317 1876 548 1951 uocroffl,
587 1875 950 1939 NORIBERGENSI
985 1876 1192 1938 PHYSICO
1260 1961 1262 1964 Α

622 1978 703 2037 S.l).

185 2150 344 2230 specimen
370 2146 431 2206 heo
450 2145 693 2212 Demosthenicae
722 2146 934 2224 recognitionis
958 2157 989 2206 et
1007 2133 1216 2228 explicationis

121 2252 161 2312 ad
174 2261 215 2325 te,
226 2252 329 2324 frater,
349 2268 384 2307 eo
402 2249 522 2307 nomine
531 2249 657 2307 mairinac
671 2268 751 2307 nune
770 2247 948 2317 mittendum
962 2268 1026 2308 esse
1041 2251 1123 2325 duxi,
1132 2263 1167 2312 ut
1178 2276 1216 2314 ex

120 2365 152 2413 te
166 2353 277 2432 potius,
287 2360 324 2409 ut
338 2350 465 2409 candido
481 2360 511 2409 et
521 2369 625 2410 severo
639 2351 750 2426 iudice,
760 2350 833 2428 quid
846 2349 878 2407 in
891 2348 952 2408 hoc
965 2360 1081 2410 conatu
1089 2374 1156 2413 meo
1169 2357 1218 2415 vel

121 2456 276 2535 probares,
297 2452 349 2511 vel
371 2452 568 2531 improbares,
590 2470 680 2529 quam
696 2463 748 2510 aut
766 2472 804 2511 ex
823 2452 1076 2513 obtrectatoribus
1096 2455 1217 2518 'alienae

119 2549 219 2615 laudis
238 2565 268 2614 et
289 2553 465 2626 industriae,
487 2563 539 2611 aut
558 2573 596 2611 ex
616 2556 858 2629 assentatoribus,
880 2552 1022 2639 (quorum
1040 2557 1102 2615 utri
1122 2560 1217 2620 mele-

121 2659 231 2718 stiores
254 2655 328 2715 mihi
345 2655 413 2727 sint,
435 2652 519 2713 haud
540 2654 629 2714 facile
645 2656 784 2737 dixerim)
799 2667 918 2748 mature
938 2677 1163 2734 cognoscerem,
1186 2670 1217 2720 et
1321 2687 1322 2690 ¹

120 2782 180 2841 pro
189 2759 270 2819 virili
276 2759 325 2817 vel
337 2755 545 2836 praetermissa
555 2757 724 2832 adiicerem,
731 2761 780 2818 vel
788 2778 974 2837 supervacua
986 2779 1160 2834 resecarem,
1168 2761 1224 2833 vol,
1316 2805 1329 2824 χ

124 2861 225 2919 minus
246 2860 323 2918 bella
343 2856 533 2931 corrigerem,
555 2867 645 2935 atque
665 2860 788 2917 confusa
803 2861 833 2914 in
857 2868 972 2915 certum
986 2857 1121 2914 ordinem
1137 2859 1219 2917 redi-

121 2979 235 3039 gerem.
275 2958 377 3037 Neque
394 2957 472 3016 enim
485 2956 512 3023 is
528 2974 581 3033 ego
596 2976 672 3034 sum,
695 2959 746 3036 qui
769 2958 812 3015 ita
824 2954 896 3014 mihi
913 2956 1057 3034 placeam,
1077 2966 1122 3027 ut,
1145 2958 1219 3033 quial

120 3062 176 3121 alii
196 3061 234 3121 de
255 3080 310 3130 me¹
325 3059 462 3133 sentiant,
485 3077 595 3137 susque
614 3058 710 3137 deque
727 3059 836 3118 ieram:
864 3057 918 3116 sed
939 3067 968 3116 et
987 3055 1220 3119 imbecillitatem

120 3162 234 3239 ingenii
246 3162 306 3221 mei
327 3160 538 3238 doctrinaeque
558 3161 734 3219 tenuitatem
752 3161 822 3218 satis
836 3179 981 3236 agnosco,
1005 3167 1035 3218 et
1052 3159 1084 3216 in
1099 3169 1220 3222 senten-

120 3264 175 3322 tiis
189 3282 303 3339 eorum‚
325 3263 378 3340 qui
397 3263 514 3320 acutius
531 3262 637 3330 vident
654 3281 690 3320 ac
709 3262 821 3320 rectius
834 3247 979 3338 iudicant,
999 3260 1096 3319 libens
1115 3264 1219 3342 acqui·

122 3385 217 3442 eaeo.¹
247 3364 311 3423 Etsi
332 3365 407 3422 enim
429 3384 478 3423 me
501 3383 595 3421 unum
610 3359 656 3442 (ut
675 3363 735 3422 fert
747 3373 855 3421 natura
871 3361 1007 3422 omnibus
1021 3362 1136 3440 insitus,
1158 3345 1219 3426 non

125 3485 235 3525 coecus
246 3463 348 3540 magis,
372 3486 460 3543 quam
472 3483 585 3543 pravm
601 3485 684 3523 arnor
700 3463 759 3546 sui)
775 3465 946 3544 perspicere
963 3465 1060 3522 omnia
1082 3475 1112 3524 et
1133 3467 1220 3526 eolli-

125 3589 208 3627 mare
229 3567 358 3626 maxime
376 3568 496 3626 vellem:
522 3576 621 3625 tamen
628 3610 637 3641 ,
665 3586 735 3625 cum
755 3587 885 3625 summos
902 3565 985 3625 viros
1009 3575 1039 3625 et
1055 3568 1167 3626 veteris
1190 3577 1221 3625 et
1320 3558 1325 3569 Χ

122 3678 245 3728 nostrae
270 3669 431 3727 memoriae
460 3688 477 3725 a
501 3667 639 3747 plurimis
669 3677 699 3727 et
725 3669 863 3747 pluribus
882 3669 914 3727 in
939 3668 1020 3726 locis·
1041 3666 1220 3746 reprehendi

123 3769 254 3845 rideam,
275 3770 431 3828 admoneri
452 3789 500 3829 me
523 3770 560 3827 ab
580 3771 739 3847 ingeniosis
755 3778 785 3829 et
800 3769 925 3828 eruditis
938 3767 1109 3827 hominibus
1124 3767 1220 3831 multo

126 3880 160 3929 et
178 3870 332 3929 honestius
353 3880 383 3930 et
405 3872 511 3946 utilius
530 3874 594 3930 esse
616 3871 727 3945 iudico,
750 3890 838 3949 quam
861 3871 898 3929 ab
919 3869 1027 3928 invidis
1046 3877 1076 3926 et
1095 3868 1221 3927 morosis
1337 3948 1339 3952 7

128 3971 305 4044 censoribus
331 3972 544 4052 Hipponacteis
573 3973 740 4051 praeconiis
773 3970 926 4030 celebrari.
979 3969 1092 4045 Inque
1118 3989 1224 4046 genere

126 4081 173 4138 ita
194 4072 247 4130 sibi
264 4073 409 4132 adversus
434 4095 482 4134 me
501 4094 562 4133 non
575 4075 666 4153 pauci
680 4095 735 4133 nec
749 4073 864 4133 indocti
876 4071 1009 4130 homines
1023 4069 1222 4146 indulserunt,

128 4185 167 4234 ut
187 4176 383 4236 aemulatione
401 4185 431 4235 et
448 4176 554 4236 morbo
574 4177 667 4235 mimi.
681 4176 812 4257 impulsi,
833 4194 894 4233 non
914 4181 1029 4231 tantum
1050 4174 1222 4250 modestiae,

129 4287 164 4337 et
187 4278 319 4356 gratiae,
343 4277 482 4350 beneda
503 4297 534 4336 ae
559 4271 680 4358 quoque
703 4278 810 4337 merito
831 4275 962 4351 debitae,
990 4271 1224 4356 (lucubrationes
