2768 4724
47 160 50 167 ’
165 145 211 245 'se
258 152 265 159 '
457 228 460 233 .
500 152 912 242 rasersmoars

407 338 775 424 HIERONYMl
794 339 1022 417 WOLFII

168 493 227 555 AD
260 490 505 555 EUSEBIUM
536 493 843 570 episcorum,
872 495 1177 557 INDUSTRIUM
1205 498 1263 559 ET

165 594 473 670 MAGNIFICUM
501 594 878 672 TYPOGRAPHUM,
907 595 956 656 IN
976 595 1157 657 vsulss
1177 598 1282 685 LE:

244 696 449 759 CTIONES
471 696 879 758 DEMOSTHENIGAS
900 697 1184 760 PRAEFATIO.

227 851 401 937 Institutum
417 861 513 925 tuum,
535 850 602 913 viro
621 852 701 912 bono
717 862 747 913 et
762 850 864 927 docto,
886 861 918 913 et
940 861 993 912 tuo
1012 872 1133 934 quoque
1147 856 1261 932 cogno·
1311 934 1317 941 ⁸

163 953 243 1015 mine
262 954 399 1032 dignum,
427 949 530 1032 (quod
544 948 628 1036 nonai
648 950 683 1018 cd
703 952 877 1018 ἐπισκοπεῖν
899 953 966 1015 fieri
986 951 1076 1035 scis)
1090 976 1153 1015 non
1165 954 1258 1015 modo

162 1056 274 1117 multoe
300 1064 329 1113 et
346 1052 517 1130 magnificos
540 1065 677 1132 sutores,
699 1055 800 1115 sedet
828 1065 932 1115 ornate
954 1065 985 1116 et
1001 1057 1166 1133 emendate,
1189 1077 1258 1115 cum

163 1155 312 1216 accuratis
334 1154 501 1230 indicibus,
529 1157 650 1217 eosdem
681 1155 714 1215 in
743 1156 900 1234 publicum
924 1157 1051 1231 edendi,
1077 1176 1258 1237 magnopere

147 1288 151 1295 ·
161 1259 274 1337 probo,
296 1256 412 1335 tibique
430 1266 459 1316 et
480 1258 670 1319 fructuosum
686 1257 810 1316 etlaudi
830 1259 1025 1338 sempiternae
1037 1257 1103 1317 fore
1126 1256 1256 1319 confido.

161 1360 244 1420 Inter
256 1377 332 1436 quos
348 1367 378 1417 et
389 1357 649 1419 Demosthenicum
661 1356 721 1418 hoc
734 1377 821 1437 opus,
844 1368 972 1438 propter
984 1360 1128 1417 emeriten
1140 1358 1257 1417 utrius-

162 1480 221 1540 que
242 1459 368 1519 oratoris
390 1461 589 1538 autoritatem,
611 1444 673 1522 nori
692 1469 858 1539 postremas
881 1460 1102 1537 essentiarum,
1124 1480 1256 1520 consen-

160 1571 281 1622 taneum
307 1570 360 1620 est.
405 1563 473 1637 Quo
493 1564 635 1623 libentius
660 1562 748 1621 etiam
764 1570 870 1622 rectae
888 1558 1040 1619 voluntati
1058 1571 1140 1637 tuae,
1166 1572 1196 1620 et
1217 1563 1253 1621 l).

156 1661 312 1731 ¹Theodori
326 1664 474 1742 Zwingeri
497 1665 643 1725 acerrimo
662 1662 785 1736 iudicio,
807 1660 989 1741 perlegendo
1014 1671 1044 1721 et
1070 1663 1252 1723 conferendo

159 1775 191 1826 et
210 1764 400 1842 excerpendo
414 1766 578 1826 Luteciano
591 1763 798 1838 Demosthene,
826 1783 940 1823 morem
962 1764 1048 1840 gessi,
1072 1764 1206 1844 quamvis
1222 1775 1253 1825 et

64 1928 69 1939 ,
156 1866 313 1947 perpetuis
327 1865 480 1927 laboribus
498 1866 603 1941 sessus,
626 1866 757 1926 et.variis
773 1864 887 1937 morbis
906 1885 983 1943 pene
999 1866 1161 1925 confectus.
1204 1864 1250 1925 Ac

142 1968 240 2047 ¹quod
255 1966 295 2024 ad
315 1967 474 2046 Ulpianum
489 1969 604 2043 attinet,
625 1966 768 2026 Marelius
781 1987 841 2027 non
860 1967 970 2026 melem
983 1968 1104 2027 navavit
1119 1988 1248 2047 operam,

156 2088 283 2146 eumque
312 2068 399 2127 nobis
429 2079 460 2129 et
488 2069 652 2135 auctiorem
668 2105 671 2109 ·
687 2077 719 2127 et
743 2068 835 2147 paulo
867 2069 1079 2127 correctiorem
1100 2067 1250 2129 exhibuit:

156 2171 243 2233 errius
265 2169 425 2229 editionem
451 2172 482 2229 in
503 2170 698 2250 exprimendo
720 2169 853 2248 sequaris
869 2169 985 2229 iicebit:
1007 2170 1251 2231 coniecturis-tn-

153 2293 224 2333 men
250 2272 337 2331 etiem
348 2272 458 2343 nostris
474 2272 517 2345 .(si
530 2271 692 2354 videbitur)
716 2272 826 2332 alicubi
840 2271 991 2331 adhibitis.
1035 2272 1155 2332 Scholia
1170 2293 1250 2352 quo-

154 2393 223 2452 que,
246 2373 301 2430 etsi
315 2374 457 2450 pleraque
473 2393 533 2431 non
556 2375 655 2452 magni
668 2374 821 2446 momenti,
843 2374 953 2452 quibus
966 2374 1053 2450 longe
1069 2375 1159 2453 pluro
1171 2371 1250 2455 (for-

153 2472 247 2556 tassis.
262 2471 445 2554 etmeliora)
468 2475 736 2554 eLexicogrephis
760 2476 859 2554 colligi
882 2485 1013 2556 possent,
1036 2474 1173 2553 equidem
1185 2495 1247 2533 non
1320 2510 1348 2564 ι-

151 2574 269 2635 reiicio:
290 2592 399 2634 vereor
423 2586 530 2652 temen,
552 2598 589 2637 ne
605 2581 656 2658 qui
672 2600 718 2637 me
738 2579 865 2652 rideant,
889 2578 942 2657 qui
955 2575 1121 2639 istiusmodi
1135 2581 1246 2641 λεπτο-

150 2670 303 2760 λογήμστα
324 2679 519 2739 conversione
542 2699 608 2742 mee
628 2662 765 2758 dignatus
784 2680 854 2739 sim:
876 2699 971 2758 eoque
989 2676 1094 2753 magis,
1116 2676 1199 2755 quod
1212 2678 1244 2734 in

150 2776 351 2841 declaratione
365 2780 537 2856 verborum,
552 2802 621 2842 eum
634 2783 792 2861 utriusque
806 2782 923 2857 linguae
933 2780 966 2838 in
979 2780 1176 2860 etymologiis,
1189 2780 1244 2840 de-

147 2878 354 2953 rivationibus,
371 2880 647 2960 significationibus,
663 2884 861 2958 intermisistis,
875 2883 1057 2963 synonymis,
1074 2883 1242 2958 contmriis,

137 2981 430 3057 ‚coasstructionibuu
446 2984 479 3043 in
495 2985 560 3043 eliis
572 2986 787 3067 compluribus,
811 2984 929 3043 diversa
942 2985 1019 3042 ratio
1034 2983 1089 3057 sit,
1110 2981 1241 3058 ineptiae

141 3094 180 3144 ‘et
196 3100 290 3158 nugae
304 3080 406 3143 inanes
421 3084 512 3144 vitari
526 3087 581 3147 vix
594 3097 729 3168 possunt.
759 3086 835 3145 Nam
851 3086 965 3144 Graeca
983 3102 1020 3142 ex
1035 3081 1130 3140 eltero
1145 3081 1240 3140 latere
1274 3158 1278 3169 ι
1328 3155 1332 3161 Ι

146 3188 204 3247 site
223 3183 335 3242 Latinis
358 3183 538 3262 admiscere,
560 3190 695 3267 quamvis
715 3207 809 3266 aeque
835 3190 987 3263 ineptum,
1011 3192 1111 3241 tamen
1128 3182 1241 3242 alicubi

144 3290 314 3349 vitarenon
332 3285 432 3345 licuit:
456 3290 540 3366 quod
562 3268 742 3351 Scholiastes
765 3290 830 3360 iste,
853 3284 987 3364 quisquis
1001 3284 1068 3358 fuit,
1091 3303 1178 3362 saepe
1191 3284 1240 3342 ni-

143 3389 238 3450 mium
260 3386 377 3446 diffisus
400 3390 548 3450 lectorum
570 3393 705 3471 ingeniis,
728 3386 932 3449 elementarios
952 3406 1063 3464 pueros
1086 3385 1238 3444 docendos

143 3491 244 3572 potius
263 3490 431 3568 suscepisse
453 3491 585 3566 videtur,-
607 3512 696 3569 quam
710 3486 894 3566 eloquentiae
911 3485 1154 3546 Demosthenicae
1166 3509 1239 3546 can-

135 3593 271 3654 didatos.
315 3591 375 3650 Sed
390 3601 460 3651 utut
477 3593 534 3668 sit,
563 3612 616 3672 ego
641 3589 715 3650 nihil
737 3589 774 3647 ab
793 3589 855 3648 ullo
879 3586 992 3648 editum
1014 3589 1044 3648 in
1064 3586 1124 3649 hoc
1145 3610 1236 3670 opere
1264 3628 1268 3633 -

140 3694 303 3778 praeterire
326 3695 427 3768 volui,
451 3713 519 3753 cum
534 3715 595 3755 non
607 3695 749 3770 ignorem,
773 3712 816 3766 es,
838 3710 915 3770 quae
928 3691 1066 3770 plerique
1079 3690 1161 3749 docti
1175 3689 1246 3769 viri,

96 3826 99 3832 ·
138 3818 197 3878 pro
224 3795 318 3855 nihilo
340 3796 465 3871 ducunt,
486 3818 505 3855 a
528 3794 658 3874 quodem
679 3811 740 3849 non
760 3802 929 3870 postremae
954 3802 1042 3850 notae
1063 3790 1234 3869 professore

137 3919 246 3977 magno
263 3919 332 3959 etun
345 3898 505 3977 supercilio
524 3905 554 3955 et
567 3893 764 3953 ostentatione
779 3893 942 3972 exquisitae
957 3891 1126 3969 diligentiae
1142 3898 1233 3969 atque

139 4002 291 4063 doctrinae
311 4020 369 4080 pro
386 4007 525 4075 suggesto
551 3995 644 4053 luisse
658 3994 822 4068 decantata,
844 3993 893 4052 vel
910 3992 1065 4073 deplorata
1077 3989 1179 4067 potius
1198 4013 1232 4048 ac

138 4104 272 4177 elatrate,
288 4111 321 4160 ut
335 4100 393 4158 suit
405 4091 549 4176 ἒμπαθῆς
562 4095 613 4153 ille
628 4092 788 4153 homuncio
803 4103 841 4167 et,
858 4096 993 4173 quemvis
1005 4112 1083 4172 pene
1099 4092 1232 4154 edentu-

133 4224 180 4281 us,
202 4201 453 4273 mordacissimus,
478 4207 509 4256 et
527 4196 559 4255 in
580 4195 685 4257 cunina
707 4193 849 4255 secundia
866 4193 939 4276 (qus
952 4194 1039 4255 nimis
1055 4195 1230 4275 petulanter
