2768 4724
281 243 429 304 SUPER
455 240 701 304 ORATIONE
727 242 788 304 DE
814 240 1072 306 anteesse.
1163 246 1238 311 «446

136 417 276 490 dixisset,
310 436 344 474 ea
364 417 397 474 in
413 434 496 473 suam
518 413 686 472 inculcasse
707 413 894 477 orationem?
914 414 967 489 ¹⁸)
1011 396 1126 488 Quodsi
1140 389 1233 491 dices,

136 501 360 581 grammaticum
381 510 433 559 sut
450 500 607 558 librarium
625 498 676 556 illa
696 501 831 578 potuisse
851 500 936 558 alteri
951 501 1078 567 orationi
1094 501 1237 580 affingere
1274 560 1281 571 ,

138 608 176 648 ex
193 589 302 659 altera,
332 586 461 665 primum
483 582 560 643 haec
577 604 634 663 per
652 605 684 642 se
710 604 817 664 perum
839 585 1071 664 probabilis‘est
1092 585 1233 664 suspicio,

31 714 37 721 -
137 693 212 751 quae
236 671 260 729 si
282 665 411 741 doleret,
440 669 614 729 omniafere
629 689 782 747 possemus
804 689 820 727 s
840 669 940 726 medio
964 669 1067 726 evulsa
1090 680 1234 733 contextu

23 820 27 827 ⁴
134 757 287 815 veteribus
304 757 434 834 eripere,
462 755 594 813 tribuere
608 755 839 812 recentioribus:
861 752 969 812 deinde
988 754 1234 815 istiusmodidte-

135 863 185 900 mo
202 841 227 899 si
241 841 341 898 locum
359 840 627 918 transscripsisset,
650 840 822 916 accuratius
839 840 1036 915 etiamstque
1053 839 1113 912 ita,
1141 849 1177 897 ut
1193 837 1233 899 ad

135 945 265 1003 unguem
279 919 513 1002 responderent,
537 924 634 982 omnia
651 924 832 1002 repetiisset,
860 943 920 981 non
940 931 977 980 ut¹
988 943 1021 980 ee
1036 943 1117 981 nuno
1130 923 1234 1000 legun-

136 1021 204 1084 tur,
226 1010 347 1068 mutetis
362 1009 466 1087 psueis
488 1019 578 1088 atque
596 1008 715 1069 additis.
760 1009 860 1081 Quare
879 1007 939 1066 hoc
958 1007 1155 1086 relinquitur,
1177 1009 1234 1068 lle-

135 1093 282 1154 mostheni
298 1094 431 1159 arrisisse
455 1115 504 1170 ea,
528 1113 604 1173 quae
625 1093 696 1152 olim
719 1093 865 1172 dixisset,
895 1092 1043 1171 dignaque
1063 1099 1125 1152 esse
1143 1096 1234 1172 repe2

101 1189 105 1199 “
135 1180 194 1239 titu
214 1181 289 1238 viso.
315 1218 316 1222 κ
743 1207 745 1212 ·
869 1216 872 1220 -
1197 1223 1201 1233 .

221 1265 342 1336 Restat,
365 1281 443 1340 quae
456 1262 621 1322 adversarii
637 1270 742 1320 contra
754 1272 892 1335 monent,
918 1283 952 1322 ea
968 1263 1151 1322 utrefellere
1168 1273 1233 1323 stu-

130 1350 269 1409 deamus.
312 1348 351 1404 Et
364 1347 401 1406 de
413 1347 594 1424 argumentis
608 1347 727 1425 quidem
744 1368 781 1405 ex
795 1347 919 1406 historie
932 1347 1036 1427 petitis
1050 1349 1162 1405 utinam
1172 1368 1234 1409 non
1257 1389 1263 1394 -

135 1436 245 1494 iterum
264 1432 351 1490 nobis
376 1430 512 1510 ambigua
533 1431 688 1490 hominum
710 1431 815 1489 aetatis
835 1432 950 1490 mediae
973 1433 1141 1490 auctoritas.
1157 1432 1249 1491 obii-.

135 1519 249 1577 ciatur!
293 1517 367 1574 Nam
386 1537 476 1594 quum
491 1527 599 1576 auctor
614 1515 755 1575 orationis
777 1515 975 1575 dedlalonese
996 1517 1175 1596 profiteatur
1187 1514 1230 1596 (p.
1298 1562 1304 1584 ,-

40 1613 41 1617 ’
136 1609 194 1677 87,
213 1598 298 1684 Ι10),
335 1621 366 1659 ⁸0
397 1597 564 1682 Callippum
592 1595 776 1681 παρανόμων
798 1606 966 1676 accusasse,
1003 1601 1084 1679 quod
1104 1602 1267 1677 tulisset,16

138 1685 315 1748 Chersonesi
332 1686 481 1763 quandam
503 1696 706 1764 partemssesse
729 1685 957 1755 Gordianorum,
987 1705 1047 1743 non
1062 1684 1234 1746 Athenien—

136 1773 229 1831 sium:
253 1770 394 1828 Libanius
408 1780 526 1843 namet,
549 1792 609 1829 non
623 1770 866 1840 Demosthenem,
890 1771 944 1829 sed
957 1769 1157 1848 Hegesippum
1181 1790 1233 1848 aoy
1276 1839 1279 1844 ι

138 1859 322 1916 cusationem
348 1855 430 1913 illem
451 1855 632 1930 instituisse,
673 1874 731 1932 quo
760 1863 883 1933 patere,
917 1852 1023 1933 huius,
1056 1875 1121 1912 non
1149 1853 1232 1914 illiue

135 1953 269 2002 nostram
287 1960 351 1998 esse
368 1940 532 1997 orationem
554 1936 614 2020 ¹⁹).
658 1939 717 1997 Sed
731 1939 838 2016 quihus
857 1938 889 1996 id
909 1948 1009 1997 narret
1030 1939 1124 1997 fretus
1137 1959 1233 2017 argu-
1303 1938 1308 1955 '

18 2052 22 2063 ·
129 2028 260 2102 ementis,-
284 2025 394 2102 quibus
417 2025 564 2100 testibus,
588 2044 649 2082 non
672 2022 764 2098 dicit,
785 2023 882 2101 decipi
904 2023 997 2099 igitur
1019 2025 1126 2099 potuit.
1171 2023 1234 2097 Qui

138 2131 223 2170 error
245 2130 305 2188 quo
327 2109 445 2167 lucilius
466 2117 642 2182 excusetur,
681 2128 733 2185 ege
752 2109 965 2182 concedamus,
1002 2108 1171 2185 Callippum
1194 2108 1235 2166 ab

137 2194 304 2274 Hegesippo
318 2195 408 2252 luisse
425 2186 611 2257 accusatum:
635 2202 666 2250 at
686 2193 787 2270 potuit
806 2193 862 2250 alia
874 2192 905 2250 in
920 2212 1006 2251 cause
1027 2192 1064 2249 ab
1085 2212 1120 2249 eo
1139 2212 1239 2251 secu-¹

137 2280 212 2355 sari,
235 2279 337 2358 potuit
351 2278 426 2336 etin
443 2278 543 2336 eadem
556 2278 623 2350 illa,
647 2277 770 2351 sedita,
792 2276 1048 2336 utllemosthenes
1061 2275 1164 2335 libello
1178 2296 1234 2336 exv

134 2364 231 2423 hibito
245 2384 365 2423 causam
381 2363 563 2435 institueret,
586 2362 771 2440 Hegesippus
784 2371 883 2421 sutem
897 2362 1030 2420 cretione
1045 2359 1146 2420 habite
1161 2382 1234 2440 per·
1256 2366 1266 2419 '1

135 2459 179 2509 tes
196 2449 378 2508 accusatoris
390 2455 546 2526 perageret
562 2444 623 2525 ²⁰).
668 2446 724 2504 Sed
740 2448 812 2505 nolo
828 2445 996 2506 halucinari
1006 2447 1040 2505 in
1054 2447 1232 2525 explicando

134 2535 252 2592 Libanii
266 2552 386 2608 errore5
408 2532 480 2590 satis
497 2541 542 2590 est
554 2540 669 2610 patere,
693 2540 766 2609 quot
782 2531 879 2590 modis
900 2532 979 2609 gigni
999 2552 1086 2591 error
1097 2531 1152 2590 iste
1167 2553 1233 2621 P⁰,·'

133 2621 236 2678 tuerit.
1212 2624 1224 2667 “.

220 2697 302 2760 Duae
317 2709 387 2758 sunt
398 2707 552 2778 praeterea
567 2719 633 2774 res,
657 2719 748 2776 quoe,
772 2701 798 2758 si
813 2708 1007 2777 apparerent,
1035 2699 1111 2758 nihil
1136 2711 1235 2761 essent

136 2787 220 2846 dubii
232 2787 405 2843 relicturae:
429 2784 568 2842 nimirum
587 2783 613 2840 si
630 2795 781 2843 constaret
797 2781 1024 2841 Demosthenem
1040 2794 1093 2841 sut
1104 2784 1178 2860 legis
1196 2785 1235 2844 de

134 2873 217 2953 pacis
230 2867 528 2940 formulamutsnde,
552 2877 604 2925 aut
628 2868 766 2947 responsi
787 2868 826 2927 ad
847 2867 978 2946 Philippi
999 2868 1153 2945 epistolam
1172 2867 1233 2928 hac
1266 2919 1271 2933 .

136 2960 269 3016 oratione
285 2962 544 3012 commemoratam
559 2953 650 3012 suisse
666 2963 827 3012 auctorem.
872 2953 980 3010 Noster
994 2955 1071 3010 euim
1086 2962 1189 3011 orator
1203 2963 1233 3013 et

136 3043 218 3100 illem
232 3042 326 3116 legem
342 3059 373 3096 se
391 3037 465 3096 dicit
478 3038 580 3095 tulisse
597 3032 641 3118 (p.
655 3043 706 3110 82,
726 3044 783 3115 263
805 3058 836 3117 p.
853 3041 904 3110 83,
929 3042 964 3110 63
985 3037 1022 3094 cs.
1045 3057 1076 3116 p.
1093 3041 1144 3110 81,
1169 3034 1232 3119 15),

137 3136 166 3185 et
185 3128 221 3186 de
238 3124 298 3184 hoc
320 3143 464 3202 responso
484 3123 544 3181 iam
563 3142 595 3181 se
614 3123 654 3182 ed
670 3123 819 3204 populum
841 3141 904 3181 esse
926 3122 1058 3191 laturum
1074 3121 1234 3201 profitetur

19 3280 33 3288 ,
137 3209 182 3292 (P-
200 3217 251 3283 88,
273 3207 317 3288 4).
361 3207 422 3266 Sed
434 3217 540 3265 neutra
552 3206 590 3265 de
604 3229 654 3274 re,
676 3208 708 3266 in
727 3216 967 3268 tanto-veterum
987 3207 1120 3285 silentio,
1143 3206 1235 3288 quid-

137 3316 224 3374 quam
239 3302 391 3374 procerte
409 3301 510 3372 potest
529 3292 681 3352 constitui.
709 3340 711 3345 Α

135 3438 334 3451 -···-··-
1049 3426 1061 3463 s

173 3511 214 3574 18)
233 3510 326 3560 oratio
339 3509 415 3560 enim
429 3517 528 3561 contre
541 3506 609 3560 Phil.
625 3511 704 3578 epist.
717 3506 813 3560 hahita
827 3516 870 3560 est
883 3507 924 3561 el.
933 3508 1005 3575 CX,
1020 3510 1055 3571 ·1;
1071 3507 1233 3577 Theophra-

238 3585 281 3628 sto
295 3577 445 3642 archonte,
461 3586 526 3629 ante
547 3577 643 3630 Christ.
665 3585 722 3630 net.
740 3593 784 3630 an.
805 3576 873 3641 8403
896 3577 1080 3630 haee-autem
1096 3576 1130 3628 de
1148 3577 1234 3629 Halo·

240 3663 325 3708 nero,
344 3653 454 3696 utente
469 3646 601 3711 diximus,
633 3645 674 3697 ol.
694 3648 762 3711 CIX,
781 3648 806 3707 2,
823 3645 949 3714 horest,
974 3648 1231 3703 tribusannisaste.
1301 3645 1305 3656 '

239 3730 266 3766 v.
280 3712 390 3786 Taylor.
407 3713 436 3764 in
450 3714 563 3766 Schedis
577 3731 619 3780 ap.
632 3713 774 3766 Reiskium
788 3713 849 3770 Vol.
862 3715 931 3767 vlu.
950 3732 977 3782 p.
991 3716 1051 3769 767.
1073 3713 1110 3765 cf.
1125 3711 1232 3765 Comini

239 3787 380 3847 Festhtt.
394 3784 474 3833 Tum.
487 3783 530 3833 IV.
544 3799 571 3851 p.
583 3783 619 3837 84
630 3792 659 3835 et
670 3784 714 3838 st.
1116 3797 1126 3841 2

173 3855 216 3918 19)
234 3852 329 3905 liban.
342 3851 371 3901 in
386 3867 445 3920 arg.
462 3868 502 3902 or.
516 3850 550 3903 de
561 3850 622 3902 Hel.
641 3853 729 3918 (uem.
748 3851 791 3904 ed.
806 3851 897 3904 nent.
912 3869 939 3920 p.
952 3851 1001 3914 76,
1020 3850 1062 3916 8):
1079 3846 1232 3904 sordidul-

239 3924 341 3976 tlmrou
353 3923 405 3976 τοῦ
418 3918 575 3984 Παιανιέως
590 3920 676 3989 φησὶν
692 3916 707 3977 ὁ
721 3919 770 3978 τὸν
783 3917 813 3975 t'
830 3940 864 3977 av
875 3917 1019 3990 γεγραφώς
1033 3914 1232 4004 ἀπενηνιῃέναι

239 3988 351 4059 γραφὴν
363 3986 540 4058 παρανόμων.
559 3992 688 4058 enonas
700 3987 731 4045 dl
745 3941 830 4060 cripui
840 3987 1032 4058 depectione,
1050 3980 1106 4040 ἀλλ’
1120 3981 1136 4043 ὁ
1156 3983 1235 4067 Hyp-⁴

240 4074 344 4121 σιππος·
355 4057 405 4127 τὴν
416 4057 487 4114 κατὰ
498 4060 551 4114 rori
564 4062 726 4116 Καλλίππου
737 4060 850 4130 γραφὴν
876 4054 1066 4126 κτησάμενος.

171 4129 217 4194 20)
225 4132 319 4246 ltepue
326 4128 493 4197 {legasippus
500 4143 557 4179 non
563 4127 742 4198 ppoepriviver
752 4128 866 4184 'essum
873 4124 1037 4195 (ἄπενέγκαι,
1042 4120 1229 4209 γράψασθαι),

239 4214 267 4247 se
308 4198 407 4261 διῶξαι
427 4201 638 4269 (κατηγορῆσαι)
665 4198 720 4251 dici
737 4152 865 4251 debebat.
907 4196 967 4261 sic,
997 4202 1029 4246 ut
1049 4195 1177 4263 exemplo
1200 4212 1246 4246 m·-

239 4265 337 4335 vulgus
358 4274 425 4316 noto
441 4275 571 4332 utamur,
601 4271 762 4333 socratem,
798 4274 830 4317 ut
844 4264 933 4317 refert
947 4264 1183 4355 Mcx.'l'pr.1)iss.
1203 4267 1230 4329 9,

239 4329 748 4405 Miltcorplriyodttote‚¹'dmortl'
760 4330 899 4409 ιῐνὴγαγε,
916 4329 1048 4391 Atium
1074 4328 1177 4389 ittam
1236 4364 1242 4371 ·
