2768 4724
371 227 465 295 nn
491 227 914 301 nanosruaunn.
1181 235 1204 306 a
1242 220 1269 235 ’·

102 417 177 461 rum
189 399 352 463 molebat:
372 402 529 490 suspendit
546 403 639 482 igitar
661 423 761 464 ensem
781 405 938 467 edentem
959 404 1086 472 humero
1103 408 1205 471 immi·
1247 354 1250 359 ·

106 511 242 563 aenum:
271 512 360 584 atque
378 505 421 565 ita
433 504 521 566 'meta
550 506 656 587 plagae
677 509 711 565 in
732 506 851 567 decenti
872 527 904 569 se
924 509 1022 571 forma
1043 513 1202 573 continuit.

106 605 271 665 Praeterea
282 626 351 669 cum
369 607 496 669 maxima
510 609 543 666 in
563 607 661 687 panis
680 606 816 684 floreret,
843 627 925 670 auno
941 604 1055 674 invidia
1078 614 1202 692 civium,

103 723 190 762 nunc
203 703 336 786 Philippi
347 707 569 788 Alexandriq'ue
580 709 777 769 Macedonum
798 711 997 773 maximorum
1010 734 1115 794 regum
1130 735 1204 796 pen-
1297 761 1302 775 .

103 806 263 866 secutione
278 827 430 887 nunquam
445 812 574 890 quievit,
593 809 653 870 imo
669 832 687 870 a
707 808 846 889 Philippo
861 811 894 869 in
908 831 1009 891 pugna
1019 816 1119 875 vietus
1138 835 1206 874 sna·

106 925 169 984 gna
181 927 251 967 cum
262 908 421 987 ignominia
429 910 515 988 fugit.
559 912 636 972 Tum
648 912 695 972 bia
710 911 852 988 exulavit,
872 912 971 992 primo
985 914 1019 973 in
1031 914 1152 993 Aegina,
1173 924 1206 977 et
1293 925 1296 929 ’

106 1007 276 1085 Troezena,
302 1010 327 1067 L
345 1009 434 1071 ctiam
450 1013 572 1072 talentis
591 1012 628 1072 ab
650 1010 837 1093 Areopagitis
855 1011 1014 1075 damnatur
1031 1014 1203 1077 Alexandro

105 1109 330 1186 regmaecundo
343 1123 446 1173 autem
457 1113 618 1192 Antipatro
626 1114 791 1194 imperante
805 1114 909 1194 capitia
924 1135 942 1173 a
954 1116 1070 1195 populo
1079 1116 1211 1174 damna*

106 1218 170 1283 tur,
185 1220 290 1270 autore
303 1211 453 1288 Demade,
474 1216 508 1272 in
518 1214 648 1294 Neptuni
659 1214 818 1294 templum,
841 1215 923 1293 quod
937 1226 1001 1276 erat
1015 1217 1048 1276 in
1061 1218 1213 1289 Calanae·¹
1239 1204 1243 1211 ’

106 1309 216 1386 insula,
228 1332 289 1373 non
302 1322 362 1385 tam
374 1314 477 1373 edatis
490 1316 594 1392 gratia,
607 1334 696 1393 quam
706 1325 743 1375 ut
753 1315 825 1376 inde
839 1315 973 1393 quotidie
985 1319 1113 1396 patriam
1128 1339 1209 1398 pro-

107 1413 254 1491 spiceret,
269 1434 285 1474 e
299 1415 531 1475 Troezeniorum
547 1415 625 1477 urbe
638 1417 781 1494 confligit,
798 1415 937 1496 inibique
948 1416 1058 1477 hausto
1078 1438 1214 1498 veneno,

109 1534 180 1574 curn
193 1537 212 1574 a
225 1514 406 1576 mellitibns
418 1516 599 1593 traheretur,
620 1518 775 1579 excessite
788 1504 870 1579 uita.¹
904 1516 1160 1590 Quemadmodum
1173 1521 1212 1580 iu

111 1617 249 1677 eiusuita
260 1615 440 1678 Plutarchus
452 1618 593 1702 meminit.
635 1617 753 1696 Operae
767 1618 898 1697 pretium
915 1627 1014 1677 autem
1032 1619 1131 1678 vismn
1150 1626 1206 1696 est,
1320 1672 1324 1679 .

114 1718 259 1795 quaedam
276 1709 318 1778 erc
332 1720 395 1779 eiua
410 1720 534 1798 epiatola
549 1718 588 1778 ad
609 1719 1025 1800 magistratus-populumque
1043 1719 1209 1780 athenien-

110 1820 190 1878 sium
203 1819 256 1879 hie
278 1820 426 1890 inserere,
448 1830 519 1880 sunt
543 1821 620 1879 euim
638 1820 818 1880 huiuamodi.
833 1817 913 1902 (hoc
936 1822 1002 1894 eat)
1025 1818 1084 1878 Sed
1103 1819 1141 1878 de
1159 1818 1210 1879 hia

112 1941 185 1980 eum
198 1923 294 1981 mults
310 1921 422 2001 poesim
435 1922 576 1997 scribere,
590 1923 808 2002 praetermitto.
837 1921 955 1983 Nullius
970 1920 1049 1980 enim
1063 1940 1111 1980 me
1133 1940 1212 1979 con·

112 2024 211 2082 scium
223 2045 287 2083 essa
300 2024 422 2102 culpae,
445 2023 483 2083 ad
502 2023 663 2084 utilitatem
683 2023 805 2102 quidem
825 2004 1008 2082 imbecillum
1030 2041 1095 2081 ease
1116 2041 1211 2100 expe-

113 2124 224 2182 rientia
247 2124 355 2198 didici,
385 2123 423 2183 ad
445 2124 589 2184 maiorem
611 2143 685 2183 varo
711 2123 889 2182 moestitiam
907 2123 1091 2182 inferendam
1117 2122 1211 2183 vehe-
1290 2188 1294 2195 ,

114 2223 329 2283 mantissimum
341 2226 483 2285 omnium.
526 2224 674 2298 Quoniam
686 2234 785 2284 autem
796 2224 933 2283 omnibus
946 2225 1092 2283 accusatio
1104 2243 1211 2287 recnu-
1224 2248 1236 2277 ν
1263 2201 1269 2213 „

116 2324 209 2383 ciliati
231 2326 318 2402 estis,
346 2325 379 2386 id
399 2325 481 2403 quod
507 2326 718 2385 benefactum
739 2326 882 2400 dixerim,
910 2335 940 2384 et
960 2324 1034 2384 mihi
1051 2324 1142 2383 velim
1160 2343 1212 2382 re-

60 2473 63 2482 .
116 2425 331 2505 conciliemini„
348 2426 407 2485 viri
416 2425 624 2487 Athenienses:
645 2416 782 2485 nam'vos
793 2447 891 2506 neque
902 2428 971 2485 ulla
984 2425 1080 2484 adfeci
1091 2424 1211 2498 iniuria,

116 2527 189 2585 deos
204 2537 298 2586 testor
318 2525 486 2603 ethereas,
509 2527 581 2586 mihi
599 2538 699 2588 autem
712 2528 796 2586 testis
813 2537 858 2586 est
873 2528 968 2586 omnis
982 2537 1115 2586 anteacta
1137 2527 1211 2601 vita,

117 2629 167 2687 cui
179 2629 269 2705 magia
283 2629 396 2688 iuatum
415 2639 463 2688 eat
481 2639 517 2688 ut
534 2629 622 2689 fidem
638 2629 788 2702 habeatis,
811 2647 899 2706 quam
918 2629 1023 2706 culpae
1038 2627 1112 2688 mihi
1131 2646 1213 2689 nuno

115 2731 226 2788 iniuria
239 2730 355 2804 illatae,
375 2751 475 2808 neque
489 2751 542 2807 ego
555 2732 718 2810 pessimus,
739 2731 895 2789 minimeve
909 2748 1012 2788 eorum
1029 2729 1087 2787 lide
1105 2727 1213 2802 dignus

118 2831 262 2904 uidebor,
283 2832 335 2909 qui
348 2832 497 2890 calumnia
515 2842 586 2891 aunt
605 2831 808 2889 circumventi.
852 2830 943 2904 Atqui
958 2830 1106 2886 dioceseos
1129 2845 1215 2883 meua

118 2934 268 2991 immerito
279 2951 332 2991 vos
344 2931 536 2991 mihi'reddit
547 2932 655 3005 iratos,
675 2947 773 3005 neque
788 2928 864 2986 enim
880 2947 934 3003 spe
947 2926 1039 2984 vestri
1054 2924 1215 2991 destitutura

119 3033 260 3106 dionaei,
293 3052 390 3109 neque
417 3032 477 3090 alio
501 3031 631 3089 animum
652 3026 847 3108 applicuerim
873 3045 990 3099 meum,
1013 3024 1065 3084 sed
1086 3026 1219 3103 primum

120 3135 191 3213 quia
200 3134 390 3210 ignominiam
402 3133 662 3191 carceriamoleste
673 3131 770 3189 animo
787 3127 937 3188 ferebam:
954 3126 1060 3185 deinde
1076 3123 1218 3202 quoniam

119 3243 248 3315 propter
267 3243 394 3294 aetatem
413 3234 562 3293 imbecillo
590 3252 714 3310 corpore
743 3229 891 3289 miseriam
905 3229 1039 3307 perstre
1068 3245 1131 3283 non
1158 3246 1219 3304 po,
1250 3224 1253 3229 ’

120 3349 223 3395 teram.
266 3336 341 3395 ltem
356 3357 418 3395 non
441 3334 652 3406 existimabam,
681 3332 760 3391 nolle
773 3350 828 3389 uos
850 3342 959 3388 vacare
978 3347 1026 3387 me
1056 3326 1219 3406 vituperio,

122 3438 205 3516 quod
219 3439 304 3499 nullo
318 3437 405 3496 uobis
426 3437 623 3495 emolumento
634 3434 707 3506 fuit,
727 3452 776 3490 me
798 3450 871 3489 vero
892 3430 1033 3510 perdidit.
1075 3427 1123 3493 Ad
1142 3427 1219 3495 hoec

122 3539 154 3595 in
166 3538 267 3611 uobis,
288 3539 378 3597 millis
394 3537 458 3596 aliis
477 3537 607 3596 animum
621 3535 712 3593 fuisse
724 3534 848 3605 meum,
860 3533 961 3591 multis
976 3529 1065 3606 signis
1081 3526 1219 3607 poteritia

121 3639 302 3718 perspicere.
350 3639 427 3697 Nam
440 3648 472 3698 et
489 3639 593 3698 urbem
604 3637 694 3715 petii,
715 3654 777 3693 non
788 3633 821 3691 in
833 3653 891 3710 qua
906 3653 955 3693 res
969 3631 1113 3692 maximae
1127 3645 1222 3686 casem

121 3742 187 3820 ipae
202 3744 342 3815 acturus,
364 3740 417 3799 sed
431 3740 462 3798 in
476 3760 565 3818 quarn
583 3746 613 3796 et
626 3735 752 3795 maiores
767 3746 887 3793 nostros
910 3734 1063 3813 proiectos
1082 3747 1147 3788 esse
1167 3746 1221 3785 co-

123 3861 296 3919 gnoveram,
310 3860 370 3920 quo
383 3852 518 3920 tempore
532 3838 593 3899 illis
608 3838 645 3897 de
659 3839 816 3897 Persarum
831 3853 900 3911 rege
913 3827 1223 3913 peniculumimmine-

124 3942 191 4000 bat:
213 3953 243 4002 et
255 3943 340 4001 cuius
351 3942 511 4020 plurimam
522 3959 592 4018 erga
604 3959 657 4013 voa
668 3935 899 3997 Benivolentiem
919 3953 982 3995 esse
1001 3950 1223 4012 perspexeram,

124 4040 201 4100 liaeo
214 4052 314 4102 autem
326 4047 377 4101 ast'
392 4042 624 4102 Troezeniorum
641 4040 760 4113 civitas,
783 4037 832 4096 cui
853 4043 941 4114 opto,
973 4044 1010 4092 ut
1033 4032 1084 4093 dei
1104 4031 1226 4112 potissi·

123 4161 221 4217 mum,
241 4142 388 4222 ob·ipeius
401 4163 472 4222 erga
484 4163 541 4203 vos
554 4141 783 4202 benivolentiam
791 4183 800 4216 ,
822 4146 854 4198 et
869 4135 1009 4195 collatum
1023 4133 1056 4193 in
1070 4154 1118 4194 me
1132 4135 1225 4194 bene-

125 4246 247 4323 ficiam,
266 4246 328 4306 sint
339 4264 441 4307 omnes
454 4238 603 4322 temeti,
624 4251 688 4304 taam
703 4242 788 4323 ipse,
808 4245 946 4301 servante
959 4235 1092 4311 avobia,
1119 4252 1228 4314 queam
1283 4268 1290 4274 -
