2768 4724
38 250 42 259 .
132 215 233 303 ¹46
455 232 489 253 ··
551 199 961 271 aasnrsmo-nns

99 352 102 362 ¹
181 377 265 457 ,inihi
278 398 342 439 esse
354 387 510 459 putarem,
540 377 567 436 si
586 396 632 434 ote
655 373 769 453 aliquid
791 375 975 453 praestitisse
996 340 1171 456 prdfiterer,
1202 378 1283 458 qnod

189 480 267 540 ahos
281 480 379 539 minus
398 479 553 556 diligentes
568 487 597 537 et
612 484 741 537 attentos
752 477 962 555 praeterisset,
983 496 1022 537 aa
1036 496 1198 558 sperarem,
1220 489 1285 540 tum

103 628 107 639 .
176 582 442 647 ,latineduntoxat
454 580 562 641 doctos
576 598 718 657 maecum
739 578 876 639 codicem
893 599 957 640 non
970 599 1152 663 magnopere
1166 582 1287 643 deside-

126 724 129 731 .
190 693 329 759 saturos,
340 693 413 744 tum
432 682 464 742 in
484 680 598 759 graecis
619 681 715 741 literis
734 701 795 741 non
814 681 887 742 satis
905 680 1085 743 exercitatos
1106 683 1287 744 conversio-

189 769 331 849 nis’meae
348 784 431 845 velut
447 781 636 843 adminiculis
658 782 699 842 ad
722 782 822 863 ipsum
837 793 975 844 autorem
984 784 1208 870 perlegendum
1217 792 1287 843 tan-

88 926 92 935 ·
167 896 171 904 ⁴
191 907 282 968 quasa
296 886 397 947 rivulo
414 904 473 945 non
486 884 642 943 inamoeno
662 882 740 944 duce
758 883 800 944 ad
815 884 930 945 tentem
942 885 1287 966 limpidissimumatqne

188 988 376 1051 absrnmum
385 985 474 1045 facile
485 994 693 1065 perventuros.
735 984 798 1062 Ego
811 995 912 1063 carte,
933 1007 1002 1047 cnm
1022 989 1157 1068 primurn
1176 984 1289 1045 Demo-

192 1086 439 1151 emmennone
459 1106 525 1146 meo
545 1084 614 1167 (nec
635 1085 713 1147 enirn
746 1085 800 1146 diu
820 1088 1028 1165 magistrorum
1050 1108 1143 1170 opera
1157 1087 1202 1149 uti
1215 1082 1293 1148 milri

190 1190 289 1271 licuit)
308 1191 405 1267 legere
425 1188 606 1266 coepissem:
635 1196 746 1266 quanta
768 1189 860 1261 maioni
875 1191 1038 1265 alacritate,
1061 1200 1173 1270 quanta
1186 1189 1289 1250 msul-

111 1271 118 1283 ’
190 1293 306 1353 tatione
324 1298 504 1369 accepturas
523 1290 568 1348 sui
592 1289 819 1367 conversionem
839 1293 948 1352 summi
968 1293 1115 1367 arataeis,
1144 1289 1204 1351 hac
1222 1311 1288 1351 maa

191 1393 286 1455 nihilo
298 1392 463 1467 meliorem,
489 1401 542 1449 aut
554 1391 708 1470 aliquanto
724 1391 813 1450 etiem
831 1390 1030 1455 deterioremt
1051 1395 1128 1455 Nam
1140 1402 1176 1455 nt
1190 1393 1287 1463 ‚allius

190 1493 262 1555 boni
277 1494 389 1553 autoris
403 1492 611 1571 interpretatio
627 1492 668 1552 sit
679 1494 845 1573 exemplari
871 1495 1062 1570 melion-aut
1086 1516 1180 1576 aeque
1196 1497 1285 1569 bona,

188 1594 256 1655 fieri
267 1594 394 1653 fortasse
408 1614 469 1655 nan
482 1603 597 1673 potest:
619 1613 673 1671 ego
688 1595 813 1674 quidem
827 1616 1017 1676 nequaquam
1028 1598 1059 1658 id
1073 1597 1147 1658 mihi
1161 1618 1285 1676 arrogo:

183 1695 245 1763 ,sed
267 1693 383 1773 quoties
403 1714 468 1755 rem
492 1716 561 1755 cnm
582 1715 615 1754 re
636 1696 770 1771 consma,
784 1705 821 1757 et
836 1697 935 1758 animo
952 1720 1019 1760 meo
1034 1700 1199 1780 perpendo,
1219 1710 1289 1761 tan·

194 1805 260 1859 tum
283 1797 427 1856 interesse
448 1798 538 1857 video
562 1797 643 1857 inter
665 1819 763 1859 meam
789 1792 1095 1862 etDemcsthenicsm
1113 1802 1287 1877 orationem,

186 1908 338 1976 quantum
357 1899 494 1967 interluit
515 1884 594 1959 inter
612 1899 840 1961 Demosthenem
870 1899 1017 1961 dicentem
1044 1911 1075 1961 et
1096 1903 1285 1978 scribentem,

190 1997 251 2059 hoc
266 2010 325 2074 est,
354 2000 432 2059 inter
450 2001 603 2064 viventem
626 2010 657 2061 et
668 2010 830 2061 mortuum.
847 2052 850 2057 ⁴
871 2004 977 2082 Neque
989 2002 1067 2062 enim
1082 2002 1207 2062 dubium
1221 2025 1286 2066 esse

182 2099 291 2177 debet,
314 2121 380 2160 eam
395 2103 488 2163 fuisse
500 2123 562 2163 non
579 2103 670 2163 modo
686 2101 894 2163 dexteritatem
912 2111 945 2162 et
957 2112 1059 2178 artem,
1084 2106 1138 2164 sed
1152 2108 1287 2167 saevita-

190 2211 252 2275 tem
274 2204 362 2263 etlam
383 2215 414 2264 et
432 2204 659 2279 vehementiam,
682 2224 747 2265 eam
765 2204 841 2280 ¹vim,
869 2224 936 2265 sum
952 2205 1098 2286 impetum
1116 2209 1242 2267 actionis
1251 2219 1287 2268 et

161 2376 165 2397 ς
186 2306 448 2384 ‚pronunciationis
463 2298 718 2384 Demosthenicae,
740 2316 776 2367 ut
794 2326 852 2367 neo
867 2305 939 2369 allis
953 2305 1167 2386 comprehendi
1177 2311 1285 2386 literis,

184 2424 245 2477 ,nec
258 2428 275 2463 a
297 2407 395 2480 nobis,
423 2409 455 2466 in
472 2408 535 2469 hac
559 2408 803 2491 (quantacunque
820 2405 912 2482 rotgo
933 2410 1075 2487 putetur)
1098 2411 1286 2491 eloquentiae

183 2508 332 2571 annam
352 2508 498 2585 barense,
520 2513 570 2571 vn
588 2511 723 2589 intenta,
745 2509 796 2571 vn
819 2494 946 2584 co'gtnrs
960 2510 1033 2587 nm
1049 2512 1084 2571 aa
1101 2512 1165 2571 uno
1179 2513 1285 2590 possit.

184 2610 254 2681 Hoc
270 2620 397 2673 testatus
413 2623 458 2675 eet
469 2615 535 2695 ipse
545 2614 633 2675 etiam
647 2596 870 2673 Demosthenes.
887 2610 966 2683 Qua
979 2611 1019 2673 de
1037 2594 1070 2673 ro
1083 2623 1218 2694 praestat
1228 2633 1285 2673 au-

184 2709 254 2777 dire
270 2712 454 2788 Ciceronem,
478 2715 530 2793 qui
543 2711 749 2796 praeceptioni
764 2710 877 2785 decori,
900 2713 979 2775 libro
998 2713 1035 2773 de
1049 2725 1168 2774 oratore
1180 2715 1282 2790 tertio,

181 2809 264 2889 haec
283 2813 376 2874 rerba
399 2815 536 2882 subiicit:
558 2816 616 2876 Sed
638 2813 715 2873 haec
728 2812 798 2892 ipsa
811 2809 935 2896 (inquit)
951 2815 1050 2875 amnia
1064 2815 1190 2895 perinde
1203 2824 1283 2891 sunt,

182 2925 224 2977 ,ut
236 2926 382 2993 aguntur:
404 2921 491 2996 actio,
509 2903 645 2998 'inquam
665 2918 698 2977 in
712 2915 839 2976 meando
861 2937 922 2979 nna
937 2916 1126 2977 dominatur:
1149 2916 1283 2976 sinehac

184 3042 321 3093 susumus
337 3033 439 3087 orator
452 3022 559 3083 esseio
579 3036 704 3079 numero
729 3017 816 3075 nullo
834 3026 951 3094 potest,
974 3016 1135 3075 mediocris
1157 3015 1215 3075 hac
1236 3018 1285 3076 iss-

187 3134 323 3183 smnctus
344 3147 477 3189 summos
496 3141 585 3200 saepe
607 3137 761 3197 superare.
800 3115 882 3175 lluic
909 3116 1020 3195 primas
1042 3115 1162 3177 dedisse
1178 3120 1285 3179 llemo.

185 3224 308 3287 athenea
324 3227 446 3303 dicitur,
468 3242 560 3303 quum
572 3227 741 3296 rogaretur,
762 3217 840 3295 ‚quid
862 3216 1033 3280 indicendo
1047 3227 1124 3277 esset
1141 3221 1283 3298 primurn,

186 3323 258 3387 huic
272 3316 428 3404 secundas,
456 3325 528 3387 hnic
548 3322 660 3382 tertias.
713 3319 783 3392 Quo
805 3318 879 3379 milti
902 3320 1009 3381 melius
1031 3320 1123 3380 etiam
1145 3321 1223 3381 illud
1245 3321 1283 3380 ab

185 3426 334 3488 Aeschine
354 3429 469 3489 dietum
486 3423 583 3485 viden·
605 3423 697 3496 solet,
729 3420 803 3501 qui,
831 3440 924 3499 quum
944 3431 1072 3502 propter
1092 3422 1283 3500 ignominiam

183 3529 289 3589 iudicii
313 3531 451 3589 cessisset
464 3525 597 3600 Athenis,
613 3534 741 3601 ‚rogatus
763 3522 937 3598 aRhodiis,
952 3526 1059 3602 legisse
1082 3525 1186 3583 fertur·
1202 3524 1284 3584 illam

185 3634 352 3691 orationem
372 3629 533 3706 egregiam,
562 3647 653 3705 quam
676 3629 705 3686 in
725 3623 949 3704 Ctesiphontem
972 3635 1079 3685 contra
1100 3625 1283 3712 Demosthe-

184 3750 255 3797 nem
270 3731 400 3791 dixerat:
420 3749 481 3808 qua
502 3729 646 3808 perlecta,
667 3731 796 3808 petitum
815 3737 862 3793 est
875 3727 913 3787 ab
927 3749 963 3788 eo
977 3726 1132 3807 postridie,
1154 3737 1188 3785 nt
1200 3728 1282 3803 lege-

169 3841 232 3915 ret
249 3832 331 3890 illam
350 3829 447 3906 etiam,
470 3849 548 3910 quae
562 3840 627 3890 erat
643 3840 747 3895 contre
766 3828 1073 3908 aDemosthenepro
1088 3825 1283 3906 Ctesiphonte

184 3932 280 3993 edita:
303 3950 394 4009 quam
411 3952 481 3993 cum
493 3933 671 3993 suavissima
684 3943 715 3992 et
734 3933 865 3995 maxima
884 3951 959 3992 roae
980 3923 1109 4006 legisset,
1132 3928 1283 3989 admiren-

93 4044 97 4049 '
183 4030 264 4091 tibus
288 4032 440 4093 omnibns:
469 4034 599 4111 Quanto,
621 4036 730 4115 inqmt,
759 4034 852 4111 magis
873 4027 1104 4103 admiraremini,
1136 4029 1281 4110 siipsuns

183 4130 331 4193 dicentem
362 4135 544 4199 audissetis?
575 4138 644 4212 Quo
669 4136 742 4196 satis
764 4134 958 4213 significavit,
980 4140 1128 4213 qnantum
1146 4141 1223 4193 esset
1247 4133 1281 4195 in
1343 4164 1348 4179 =

63 4290 67 4297 .
182 4235 317 4307 actione:
338 4240 392 4318 qui
411 4240 579 4305 orationem
598 4238 723 4303 eandem
744 4235 832 4297 sliam
851 4256 918 4299 esee
930 4245 1061 4318 putaret,
1084 4244 1185 4297 actore
1209 4253 1282 4297 rnn-
