2768 4724
236 211 546 292 nuenarius.
583 213 997 309 oerore-onusto
1102 224 1166 293 sss

70 390 148 451 huso
167 387 290 451 videtur
303 389 437 453 hamisss
444 433 454 468 ,
474 390 600 453 sedant
621 387 743 453 finisse
756 410 795 453 ex
809 392 951 455 orationis
967 390 1073 456 hs'hitu
1082 420 1100 473 ,·
1112 406 1167 457 aut
1188 426 1191 433 ·

71 474 351 536 obiterememoris
364 477 511 536 laudasse.
546 516 571 525 -·
618 514 623 525 ·
1162 504 1165 513 ·

77 592 81 597 ·
134 559 174 621 As
186 580 352 640 repugnans
364 559 547 621 Philochoro
559 558 778 621 videtin-leons
790 560 912 642 quidum
921 562 1167 627 inDsmosthenis

74 642 207 707 untione
222 644 261 705 de
269 646 337 706 lsls.
357 645 418 723 leg.
431 664 463 725 p·
475 649 547 710 426.
560 644 660 705 Reiuh.
672 647 793 730 popinae
802 643 844 710 'di
863 648 959 721 ξὲνοις
971 647 1167 734 salipssipsss

72 721 260 807 ειηῆκοντα
273 722 359 837 ipsis
375 723 599 834 dpnqemisw
611 722 778 803 stou-sot
788 728 831 793 hs
841 735 903 793 sois
916 735 1208 817 salomones-21

73 814 243 891 mmm·
265 804 759 895 oodivaosoncrosiausridossidsr
773 819 876 879 odom
903 815 974 887 Quo
987 820 1077 877 nixus
1086 820 1168 879 Lue-

74 894 225 957 choium
239 896 274 959 iu
292 896 438 957 aslnotatt.
459 895 564 958 lnssor.
580 916 609 976 p.
623 902 696 963 800·
723 916 824 981 ss‘ltue
843 902 937 977 quum
956 901 1169 964 Demosthenes

37 1024 42 1033 .
74 982 220 1055 ‚pesam
240 982 354 1061 inquit,
376 982 513 1042 oculatus
528 982 628 1059 testis,
648 976 691 1054 sie
702 982 736 1046 lv
747 975 873 1063 παρόδῳ
884 984 1105 1063 repudiandum
1120 996 1171 1049 est

74 1064 265 1139 „Philochori
283 1066 518 1125 testimonium.“
559 1066 600 1124 Ut
611 1065 699 1145 plura
712 1067 745 1125 in
758 1064 946 1127 Lnoch'esinii
964 1068 1044 1129 libro
1058 1069 1170 1149 depre-

75 1146 248 1209 hendunhsr
259 1150 400 1228 vestigia,
422 1150 531 1229 quihus
552 1150 692 1229 cupidius
712 1151 916 1229 quaestionem
932 1163 1065 1214 nostram
1078 1154 1116 1212 ah
1130 1174 1171 1214 so

77 1242 319 1295 monson-essu
341 1234 500 1314 proditum
525 1234 567 1292 ita
591 1232 652 1292 hoe
672 1236 741 1295 loeo
760 1235 892 1295 studium
915 1237 980 1298 eius
999 1238 1170 1317 opinionem
1263 1307 1270 1317 ,

76 1327 275 1395 ρηωιιωῑωιι
303 1318 443 1379 firmandi
463 1338 564 1377 eausa-
578 1318 651 1393 fuit,
688 1338 744 1379 cus·
764 1319 795 1377 in
821 1340 953 1381 errorem
974 1321 1172 1385 inducerstsm

76 1400 270 1479 Didige'rus,'
287 1422 357 1463 eum
378 1402 583 1463 Demosthenis
602 1403 698 1462 verba
722 1422 892 1483 nexumque
912 1404 1008 1465 minus
1028 1416 1171 1475 accurate

77 1485 249 1567 respiceret.
291 1486 460 1563 liudigerus
477 1486 560 1549 enim
572 1486 612 1546 de
624 1485 830 1547 Demosthenis
846 1488 946 1549 rathis
962 1491 1007 1550 its
1017 1492 1171 1569 loquiturs

77 1569 273 1645 ¹‚Dsauxiliis
287 1570 388 1632 denuo
406 1570 502 1629 missis
513 1570 597 1656 nulla
619 1569 656 1629 ut
673 1571 783 1631 mentio
792 1614 801 1645 ‚
824 1573 913 1642 cuins
924 1575 991 1652 quis
1009 1583 1099 1651 neget
1117 1574 1172 1633 hio

78 1653 364 1735 opportunissimum
376 1655 468 1715 sirius
480 1654 631 1715 loomni“
651 1684 695 1707 -ι-
721 1654 760 1713 At
779 1652 845 1735 ipse
856 1656 1023 1735 liiidigerua
1042 1676 1173 1717 non-ne-

78 1738 184 1819 putu
205 1738 327 1800 auxiliis
345 1738 450 1818 psoris
469 1750 517 1799 ter
538 1738 634 1798 missis
655 1739 751 1799 multo
769 1742 867 1799 minus
890 1742 1007 1801 socium
1025 1740 1173 1817 adiuvari,

78 1842 168 1903 mem
180 1822 277 1904 copiis
290 1823 352 1883 illis
365 1824 500 1883 omnihus
512 1823 545 1883 in
555 1842 649 1883 unum
662 1822 796 1883 eollsotis
807 1834 839 1885 et
849 1825 941 1885 semel
952 1826 1059 1885 missis.
1079 1822 1173 1904 Atqui

77 1907 221 1969 intuens
236 1907 290 1968 illo
310 1908 378 1969 loeo
388 1904 615 1981 Demosthenis,
634 1917 671 1969 ut
683 1909 946 1988 quamplurimum
958 1908 996 1969 ah
1008 1906 1174 1971 Athenien-

77 1992 161 2053 sihus
174 1990 387 2071 Olynthios-um
401 2011 468 2052 rem
484 1992 673 2059 sublevatum
691 2010 754 2053 asse
771 1993 950 2056 ostenderet.
992 1993 1174 2072 Lsnp'tioni-

76 2076 136 2137 hus
153 2075 233 2137 mim
249 2095 299 2135 res
309 2075 458 2137 maximas
473 2076 559 2156 perdi
573 2074 834 2154 probars'studet3
854 2078 938 2157 quod
952 2080 1054 2138 multis
1070 2098 1175 2138 mem·

75 2160 141 2241 plis
157 2170 317 2240 postquam
337 2160 524 2235 ostenderet,
552 2156 703 2239 Olynthiis
727 2159 808 2221 idem
831 2160 974 2221 aeddisse
997 2162 1088 2238 dioit3
1120 2181 1175 2221 eoa

78 2244 158 2307 elsim
183 2252 272 2305 antes
293 2244 403 2325 opibus
429 2246 526 2305 multo
554 2244 721 2304 minoribus
740 2244 982 2307 lacedaemoniis
1011 2244 1175 2306 admodum

77 2328 187 2389 validis
205 2350 262 2408 per
280 2330 404 2407 longum
423 2338 542 2409 tempus
560 2328 713 2389 restitisse.
762 2329 823 2389 Sed
841 2329 894 2389 ubi
908 2328 975 2389 suri
991 2328 1103 2410 cupido
1122 2347 1175 2388 eos

78 2413 249 2489 inoesserit,
284 2412 422 2493 donaque
449 2412 559 2490 singuli
583 2410 755 2491 occeperint
782 2435 799 2472 a
821 2414 999 2488 Macedone,
1038 2412 1176 2493 quemvis

79 2498 234 2577 duplicem
252 2498 361 2559 virium
382 2496 616 2574 magnitudinem
636 2495 717 2557 nacti
733 2496 845 2557 suerint
854 2542 863 2572 ‚
884 2499 1059 2577 magnisque
1077 2497 1177 2579 copiis

78 2580 275 2643 Athenienses
296 2582 516 2655 succurrerint,
557 2580 642 2640 brevi
669 2589 768 2640 tamen
791 2604 809 2640 a
829 2580 967 2661 Philippo
997 2602 1048 2641 eoa
1077 2583 1176 2642 uictos

79 2686 154 2727 esse.
176 2696 221 2714 -··
247 2665 350 2738 Quure
370 2688 427 2746 par
451 2675 533 2740 erat,
567 2675 603 2724 ut
625 2685 783 2725 numerum
802 2664 1013 2746 Demosthenes
1035 2675 1177 2724 accurate

79 2749 295 2829 persequendo·
307 2771 369 2810 non
385 2750 590 2822 imminueret,
618 2748 684 2822 sed,
704 2758 851 2827 quatenus
872 2758 1007 2826 poterat,
1045 2749 1177 2808 oratoria

79 2834 201 2893 hesum
223 2846 354 2910 augeret.
404 2835 443 2893 Et
468 2854 538 2892 sano
561 2832 595 2890 id
615 2830 763 2890 hocloco
788 2831 977 2889 statuendum
996 2840 1048 2887 est.
1097 2831 1178 2905 Ergo

74 2918 171 2977 'etism
192 2916 224 2977 id
243 2918 469 2977 'concedendum
491 2916 566 2988 erit,
589 2915 699 2974 nuxilin
719 2915 777 2973 tria
793 2913 972 2988 cogitatione
983 2912 1016 2969 in
1029 2930 1123 2969 unum
1140 2910 1178 2967 ah
1228 2978 1234 2987 .

82 3022 121 3062 eo
133 3022 196 3061 esse
210 3004 352 3077 collecto,
374 3013 463 3079 utque
473 3009 589 3059 tontum
604 2999 724 3073 obesse,
744 3008 779 3057 ut
790 2995 965 3056 Philochori
977 2995 1221 3065 testinsoniumzz

81 3086 240 3164 infringet,
262 3098 298 3144 ut
314 3087 476 3146 certissime
491 3084 567 3142 illud
579 3083 740 3141 confirmet.
756 3080 804 3160 [Β]

145 3171 257 3231 Verum
273 3171 402 3242 omnino,
418 3168 540 3228 etiamsi
554 3166 935 3226 Philochoritestimonium
948 3163 1035 3223 uobis
1051 3162 1179 3237 deesset,

82 3254 172 3315 cuius
184 3255 349 3315 norrotioni
365 3254 452 3314 otiam
466 3252 527 3310 hoe
545 3251 631 3311 offert
646 3251 852 3312 auctoritatem
872 3258 903 3309 et
922 3248 1025 3322 tidem,
1048 3249 1132 3326 quod
1146 3250 1180 3308 in

82 3340 263 3418 exponendo
281 3339 435 3418 copiarum
449 3354 574 3395 numero
595 3336 634 3394 ad
645 3336 775 3411 singulos
793 3354 933 3392 numeros
949 3343 1088 3392 accurate
1100 3333 1180 3391 refe*

82 3424 197 3484 rendos
219 3423 391 3496 descendit,
412 3421 463 3480 vel
482 3418 578 3498 ipsius
590 3418 796 3479 Demosthenis
817 3437 973 3476 numerum
992 3417 1099 3475 fulsum
1116 3436 1181 3476 osse

82 3506 268 3583 iudicarem3
290 3507 482 3565 Athenienses
496 3504 574 3562 euim
592 3524 627 3562 ea
642 3502 764 3577 desidio,
787 3521 889 3579 eaque,
912 3520 972 3578 qua
992 3511 1067 3559 tuno
1085 3510 1181 3576 erant,

83 3590 240 3651 dehilitnte
255 3601 353 3652 tantas
365 3591 432 3648 illas
450 3588 552 3666 copies
565 3606 627 3646 una
641 3587 779 3648 eduxisse
793 3587 845 3647 vix
863 3584 1004 3645 censendi
1017 3595 1098 3648 sunt.

152 3676 253 3749 Quare
267 3721 277 3754 ,
297 3694 391 3755 qutun
401 3693 440 3731 no
453 3692 546 3731 uuum
559 3672 678 3749 quidem
694 3680 898 3748 argumentum
911 3671 977 3729 iure
992 3679 1096 3727 contro
1110 3666 1183 3725 Phi-

85 3759 246 3821 loehorum
268 3762 421 3840 prolatum
441 3757 498 3829 sit,
533 3754 732 3815 Philochorus
752 3765 850 3813 autem
872 3752 1078 3815 Demosthenis
1099 3770 1183 3809 men-

86 3846 171 3903 tione
196 3846 272 3905 mire
301 3842 508 3917 confirmatum
539 3840 741 3901 mutationem
764 3839 827 3899 eim
846 3858 902 3917 pro
919 3858 991 3899 vera
1011 3835 1183 3904 habeamus,

84 3931 288 3988 necessarium
302 3940 355 3989 est.

154 4014 199 4072 lix
211 4012 271 4072 hoo
291 4024 390 4073 autem
404 4014 576 4093 quaestione
597 4019 742 4090 quantum
757 4010 835 4070 lueis
851 4007 1046 4088 disputationi
1064 4004 1102 4064 de
1116 4024 1184 4062 ora·

88 4099 204 4157 tionum
219 4098 325 4157 ordine
339 4098 529 4173 effundatur,
551 4095 688 4175 exemplo
708 4094 911 4155 demonstrare
924 4095 1017 4151 iuvat.
1061 4089 1186 4167 Saepius

89 4181 213 4259 quidem
223 4182 257 4242 in
270 4184 462 4259 sequentihus
473 4183 535 4241 huo
549 4179 736 4243 redemrdum
756 4179 828 4254 ortu
850 4178 904 4236 sed
924 4177 1091 4253 exonrplum
1108 4170 1186 4232 illud

90 4267 218 4329 conob
237 4269 404 4349 argumenti
413 4270 608 4349 pravitatem,
630 4275 695 4329 tum
709 4264 749 4326 ob
763 4263 921 4327 transitum
932 4260 1004 4323 indo
1022 4256 1185 4323 faciliorem
