2768 4724
84 274 90 281 .
174 194 240 296 ιιι
527 214 901 289 ιιιιιοιιιιοιιιιο

177 395 301 456 videtur
320 387 564 462 difficultatibus,
585 386 705 464 quantis
728 406 792 446 eam
807 386 949 446 refertam
968 403 1031 445 esse
1048 384 1196 444 nonnulli¹
1207 382 1276 443 cla-

178 487 308 541 userunt.
329 477 491 533 Universae
506 481 619 544 autem,
642 491 730 549 quam
752 471 906 544 dedimus,
928 470 1120 547 explicationi
1136 469 1277 548 plerum-

180 581 239 642 qus
256 559 403 618 consentit
418 556 614 627 Scholiastes,
638 556 668 613 in
691 556 794 634 paucis
814 566 910 613 tamen
928 554 1114 625 dissentiens.
1145 553 1277 611 Wolfius

66 622 95 692 ⁸.
182 649 268 707 otiam
284 642 366 719 adp.
382 647 462 712 188,
486 646 518 705 8.
536 649 617 697 recte
632 635 713 697 hunc
729 640 827 697 locum
844 620 987 697 exhibuit
1018 640 1156 696 Errorsm
1173 647 1277 696 tamen

181 729 245 790 sias
270 728 301 787 in
321 727 368 784 tv.
384 687 621 785 animadvertit'
612 744 669 781 ιιιιι
692 718 827 781 tteiakius
853 722 938 781 adv.
960 728 1010 787 18.
1045 722 1121 780 Male
1144 722 1216 780 item
1240 741 1278 780 ss

178 812 272 881 hebet
295 810 362 882 VL,
384 809 436 866 ubi
460 817 556 865 minen
577 807 789 870 numerasti
781 827 811 864 ιιι
831 804 878 863 his
900 806 1015 879 verbis,
1043 804 1276 880 trierarchestt,

178 892 355 975 typothetae
374 911 474 950 errore
489 891 605 968 positus
620 910 683 948 esse
698 890 819 948 videtur
838 911 894 969 pro
912 894 940 953 6
957 909 1186 949 ιιιιιιιιιιοοιιοτ.
1215 891 1278 948 Ει-

181 998 281 1040 rorem
295 975 405 1035 Reiskii
426 973 630 1033 subaudientis
652 969 830 1049 στρατιώτας
848 974 1006 1049 castigavit
1019 973 1279 1032 Amersfoordtius

181 1064 213 1123 iu
228 1071 300 1120 nota
318 1059 451 1139 proxime
468 1067 619 1134 sequente.
650 1059 716 1116 Non
738 1058 928 1133 cogitandum
945 1057 1005 1115 hoc
1024 1059 1092 1115 loco
1113 1057 1150 1115 de
1169 1057 1279 1116 militie

183 1144 340 1217 obeunda,
361 1143 414 1201 sed
437 1142 475 1201 da
498 1142 591 1200 classe
611 1142 792 1200 instruenda.
822 1143 959 1199 Ceterum
980 1142 1017 1201 de
1032 1151 1094 1199 tota
1114 1140 1171 1198 hec
1188 1161 1222 1202 re
1242 1161 1278 1202 v.

181 1186 353 1291 Boeckhiris
366 1227 478 1285 Oecon.
493 1225 580 1287 Polit.
594 1224 701 1284 Athen.
718 1224 753 1285 Τ
767 1226 804 1287 11.
817 1247 849 1305 p.
868 1229 939 1291 105.
956 1246 995 1284 ss.
1009 1244 1169 1284 senseras.

202 1363 282 1425 ·Ρ.
307 1368 377 1430 188.
398 1381 427 1421 ι.
452 1366 501 1425 18.
509 1382 580 1432 τους
595 1358 900 1445 διακοσίους-φημι
913 1357 1037 1438 genuus]
1047 1359 1122 1420 Hinc
1138 1371 1277 1440 apparet,

185 1442 352 1528 complures
365 1445 410 1507 illi
424 1464 548 1505 numero
566 1447 645 1508 1800
662 1437 807 1518 defuisse,
829 1443 894 1503 aliis
909 1444 947 1503 sd
965 1455 1124 1521 egestatem
1136 1444 1279 1519 redactis,

184 1530 249 1593 eliis
263 1529 320 1589 alio
339 1539 430 1607 atque
445 1529 502 1587 alio
519 1547 589 1589 casu
607 1527 643 1587 ab
665 1546 700 1586 eo
719 1489 807 1588 οοτιι1
830 1526 951 1590 avulsis.
987 1527 1107 1606 ltaque,
1130 1528 1281 1589 diminuto

66 1643 69 1652 ·
182 1633 326 1695 numero,
350 1612 458 1690 reliqui
479 1611 615 1689 graviora
636 1631 724 1679 onera
747 1612 932 1672 sustinebant
955 1614 1139 1690 maioresque
1160 1621 1281 1677 sumtus

56 1705 73 1753 .'
185 1682 283 1759 'facere¹
305 1696 500 1773 cogebantur:
535 1715 610 1775 quos
637 1694 792 1767 sublevere
815 1696 915 1755 studet
935 1695 1154 1756 Demosthenes.
1176 1716 1279 1757 wou.

184 1781 344 1862 Probanda
368 1790 412 1839 est
434 1779 607 1876 explicatio
612 1778 709 1839 Wolsn'
732 1780 894 1854 censentis,
917 1799 1072 1841 numerum
1094 1784 1173 1845 1800
1193 1800 1281 1859 tym-

184 1850 376 1937 moriturum,
405 1863 496 1924 variis
528 1864 623 1933 causis
652 1864 857 1936 imminutum,
891 1858 948 1921 hac
979 1861 1182 1923 Demosthenis
1211 1862 1281 1941 lege

172 1946 283 2013 denuo
300 1946 390 2008 fuisse
415 1947 585 2027 impletum,
609 1947 693 2005 ιιοιιίι
713 1948 825 2009 coactis
845 1948 1037 2025 symmoritis.
1058 1947 1138 2008 Haec
1149 1947 1280 2031 quidem

184 2031 291 2093 melius
312 2051 343 2089 se
358 2028 485 2105 hubent,
508 2052 596 2109 quam
622 2051 697 2111 quae
721 2032 771 2091 dat
788 2030 924 2093 Iteiskiua
944 2029 1018 2091 haec
1040 2030 1135 2089 oninia
1159 2051 1219 2089 non
1241 2032 1280 2091 de

186 2115 366 2194 tymmoritis
380 2115 432 2175 sed
448 2114 485 2175 de
503 2112 692 2190 στρατιώταις
707 2115 868 2194 explicans.
892 2114 1011 2191 Quae
988 2135 1011 2173 si
1028 2135 1098 2177 vera
1113 2113 1181 2188 sint,
1194 2112 1281 2174 haud

120 2214 123 2219 ·
184 2196 274 2259 rideo
286 2198 381 2278 ,quid
401 2197 567 2259 faciendum
586 2198 625 2256 sit
645 2199 853 2275 sequentibus
857 2218 887 2261 v.
905 2204 955 2265 18.
980 2198 1013 2263 ta
1035 2201 1136 2262 τοίνυν
1159 2198 1281 2262 τούτων

187 2282 287 2369 οἴομαι
307 2285 372 2344 derv
394 2287 520 2384 ποιῆσαι
546 2286 712 2377 συμμορίας
732 2283 864 2357 εἴκοσιν,
892 2277 992 2357 ocnrp'
1015 2286 1072 2343 νῦν
1093 2282 1186 2355 εἰσιν,
1212 2280 1281 2360 fivi-

184 2388 278 2429 xanta
302 2362 401 2440 οώματ
406 2358 563 2442 ’ἔχουσαν
593 2358 731 2442 ἑκάστην,
769 2362 841 2437 Sed,
867 2365 1036 2438 ιιι11οιιιιι,
1061 2367 1144 2442 quod
1168 2367 1279 2440 sentio,

186 2448 254 2524 (etsi
276 2448 344 2508 dico
365 2447 547 2523 verecunde,
575 2447 670 2530 pudet
696 2448 773 2508 enim
793 2468 854 2521 me,
882 2468 988 2528 parum
1010 2449 1202 2509 exercitatum
1228 2451 1281 2509 iu-

186 2551 306 2604 venem,
337 2530 436 2591 virum
463 2530 681 2611 reprehendere
710 2543 741 2591 et
770 2492 923 2592 doctiinae
949 2532 1066 2591 lauds'
1059 2532 1219 2608 insignem,
1251 2544 1282 2593 et

186 2616 287 2679 multis
303 2614 471 2675 nominibus
483 2616 520 2673 de
538 2617 616 2673 omni
633 2617 783 2675 literarum
802 2638 906 2691 gerrere
925 2617 1039 2693 egregie
1061 2617 1197 2676 meritum
1208 2617 1230 2694 ι)
1248 2618 1280 2677 in

185 2696 274 2759 buius
295 2697 365 2777 legis
386 2697 631 2779 interpretatione
650 2699 766 2777 saepius
788 2701 955 2758 festinantia
979 2698 1127 2756 fleiakiurn
1149 2701 1283 2780 impedi-

185 2780 264 2857 vissa
277 2781 398 2843 videtur
399 2803 476 2863 ,quo
486 2782 582 2841 minus
598 2802 686 2845 verae
703 2784 910 2867 explicationis
922 2783 1138 2863 indagationem
1149 2786 1281 2847 multum

173 2876 317 2929 'emeret-
333 2886 561 2928 snsasrooanr.

251 2984 283 3041 Ρ
308 2989 378 3049 188.
400 3005 431 3046 ν.
456 2993 506 3050 18.
530 3009 609 3065 φημι
628 2987 754 3067 χρῆναι]
781 2989 916 3047 Solennis
939 2940 1116 3047 Oratoribus
1138 2989 1281 3061 formula,

114 3066 119 3133 ᾗ
188 3084 280 3144 quum
307 3068 381 3144 legis
405 3090 477 3128 mox
503 3090 520 3127 e
544 3090 575 3129 se
600 3071 739 3130 terendae
759 3071 873 3129 faciunt
897 3075 1084 3132 mentionem.
1128 3073 1281 3131 Vertitur.

149 3198 152 3202 .
187 3162 318 3229 oportere
340 3154 500 3226 exierisne,
516 3175 640 3255 aequam
662 3176 768 3214 censeo.
798 3156 841 3212 Ita
860 3155 933 3214 Phil.
952 3159 999 3216 111.
1022 3178 1051 3234 p.
1072 3163 1149 3227 118,
1178 3162 1228 3219 18.
1253 3156 1285 3217 εἰ

186 3232 378 3310 μὲν-φημι
400 3232 531 3317 1γωγε”
511 3261 595 3318 αγειο
617 3231 699 3339 ἡμᾶς
717 3241 781 3298 δεῖν
801 3235 982 3341 [stertens]
1016 3242 1064 3299 Sic
1087 3250 1116 3298 et
1136 3240 1214 3297 intra
1239 3239 1281 3298 ‹le

188 3317 336 3393 Symmor
353 3338 383 3395 p
401 3326 519 3395 184,1
537 3344 614 3398 φημι
628 3342 696 3392 τους
716 3319 900 3399 στρατηγούς
920 3327 981 3385 δτιν
1000 3326 1145 3401 διανεῖμαι
1164 3320 1283 3394 τόπους

187 3397 279 3460 δέκα.
283 3400 409 3476 Olynth.
432 3404 470 3461 11.
494 3424 522 3482 p.
545 3409 604 3477 81,
634 3408 663 3467 9.
687 3405 765 3480 φημι
798 3403 836 3480 δὴ
861 3401 966 3468 δεῖίι
948 3413 1029 3485 υμᾶς
1052 3426 1113 3481 αμα
1136 3430 1199 3478 τοις
1224 3407 1282 3481 μὲν

184 3470 360 3585 Ὀλυνθίοις
387 3489 526 3592 βοηθιιν.
574 3487 616 3544 De
643 3489 758 3547 Corona
782 3489 949 3548 Trierarch.
984 3512 1014 3569 p.
1047 3497 1142 3563 1888,
1167 3498 1197 3554 7
1228 3486 1280 3552 1ιὸ

188 3565 267 3642 φημὶ
286 3568 347 3627 δεῖν
370 3563 463 3641 edric
477 3576 714 3645 στεφανοῦσθαι.
744 3572 867 3649 Olynth.
885 3574 910 3632 l.
929 3595 957 3652 p.
978 3580 1033 3646 14,
1050 3579 1081 3639 5.
1104 3585 1148 3633 est
1171 3574 1282 3633 eodem

188 3667 290 3708 ausu:
308 3651 387 3727 pupi
407 3649 453 3730 dri
463 3655 534 3755 διχῆ
544 3656 714 3758 βοηθητέον
729 3651 813 3717 εἶναι
827 3667 858 3716 et
870 3659 952 3759 apud
965 3654 1127 3717 Isociatom
1149 3658 1184 3715 ds
1201 3659 1281 3717 Pace

187 3751 219 3809 p
240 3737 313 3797 881.
335 3736 414 3812 φημὶ
434 3728 471 3813 1η
495 3729 552 3796 οὖν
575 3744 681 3814 χρῆναι
701 3747 853 3802 ποιεισιιαι
872 3739 926 3818 τὴν
949 3739 1082 3820 εἰρήνην.
1122 3743 1164 3800 tta
1187 3741 1282 3800 etiam

188 3818 457 3897 occurritoi'opes,
480 3819 620 3878 utiintra
644 3842 672 3899 p.
684 3828 764 3896 181,
776 3827 875 3886 29..
846 3824 1128 3902 o’'onasdridsrv·-
1094 3819 1282 3901 *ipsc-

185 3902 395 3977 ψηφίσασθαι
417 3911 448 3961 et
466 3903 600 3963 similiter
622 3926 745 3984 moxp
769 3913 848 3981 182,
881 3915 929 3974 18.
959 3920 993 3971 at
1015 3905 1281 3972 eustathius.

186 3985 237 4045 81.
268 3994 299 4042 et
316 4004 351 4062 ·.p
378 3991 456 4058 183,
489 3993 521 4051 4.
551 3989 595 4047 nti
623 3999 653 4047 st
679 3990 760 4066 apud
786 3990 991 4070 'thucydidem
1025 3995 1048 4052 1.
1086 3999 1135 4057 88
1165 3987 1282 4064 αὐτούς

185 4062 297 4128 κιλεοοι
331 4068 385 4151 lp‘v
419 4065 572 4150 βλάπτειν
641 4073 739 4150 etque
765 4072 876 4134 horum
907 4079 1049 4136 nonnulla
1079 4088 1179 4136 tamen
1206 4086 1282 4136 sunt

186 4146 345 4222 eiusmodi,
366 4162 402 4211 ut
423 4157 524 4232 potius
544 4156 660 4214 consilii
678 4176 768 4234 quam
789 4158 916 4219 disertae
939 4161 1012 4257 legis
1030 4161 1191 4220 videantur
1214 4181 1281 4220 esse

78 4262 81 4269 ·
183 4234 383 4312 praeparatio.
411 4238 568 4301 Caeterum
579 4241 677 4299 miuus
688 4241 790 4303 valeat
804 4241 879 4304 haec
893 4245 1009 4323 omnia,
1030 4265 1123 4324 quam
1135 4240 1280 4328 γράφειν,
