2768 4724
405 262 474 329 AD
496 262 934 335 ’DEMOS-THENEM.
1165 282 1217 342 at.

108 434 233 516 scriptia
248 435 312 497 eius
326 435 365 497 ad
378 437 460 497 vitre
475 435 623 496 humanae
642 439 790 498 actionem
813 428 1225 515 pertinentiumsententia·¹
1291 450 1308 500 ζ

109 558 178 596 rum
196 536 316 616 copiam
338 539 444 614 morse,
464 548 500 598 ut
515 539 722 619 sapientissimi
737 536 911 618 philosophi
922 560 1044 603 munere
1058 543 1143 619 tangi
1155 545 1205 604 vi*

109 639 237 698 dentur?
259 648 372 698 tantam
389 660 508 698 morum
525 640 691 714 civitatum,
721 651 751 699 et
768 657 871 698 rerum
895 641 1083 716 publicarum
1106 644 1203 703 admi-
1313 704 1319 716 ,

108 741 296 800 nistrationis
309 741 457 820 peritiam,
480 741 559 812 rande
575 742 655 800 salua
668 741 744 820 ipsis
763 750 965 817 comparetur,
986 745 1065 803 unde
1080 744 1203 824 pericu·
1230 786 1239 799 ,
1310 751 1324 773 ⁶

107 845 173 901 lum
194 853 226 902 et
248 843 395 921 pernicies
415 843 595 921 impendeat,
617 853 653 902 ut
666 863 704 900 ex
717 843 780 903 eine
791 840 931 914 lectione,
953 841 1059 920 siquis
1076 844 1203 920 diligen-

109 956 157 1003 ter
170 943 319 1017 advertat,
340 954 410 1017 tam,
425 948 509 1023 pene
523 944 660 1018 dixerim,
674 944 714 1003 ad
727 964 776 1003 res
791 943 919 1020 agendas
930 940 1095 1003 instructus
1108 964 1202 1005 unus-

109 1046 237 1124 quisque
253 1046 350 1125 possit
367 1043 532 1119 discedere,
556 1066 646 1123 quarn
675 1065 712 1104 ex
736 1046 842 1122 quevis
863 1046 1085 1104 accuratissimo
1104 1044 1202 1104 histe-

106 1147 194 1205 rico?
225 1147 285 1205 Sed
303 1145 379 1205 haec
396 1144 553 1219 hactenus,
575 1167 612 1204 nc
636 1147 755 1224 ineptus
776 1146 936 1221 existimer,
962 1145 1113 1206 silendos
1137 1146 1200 1205 eiua

106 1246 238 1305 dicendo
257 1247 416 1307 illustrare-
426 1246 531 1304 videar
545 1247 632 1320 velle,
656 1249 709 1325 qui
721 1246 846 1305 dicendo
860 1248 991 1319 omnium
1005 1270 1082 1328 pone
1095 1248 1200 1313 laudea

106 1347 291 1407 obscuravit.
321 1348 403 1407 llaec
420 1349 497 1407 enim
514 1342 598 1408 eade
614 1369 703 1407 causa
717 1349 795 1408 dicta
811 1371 827 1407 a
842 1369 888 1409 me
904 1360 983 1423 suut,
1005 1359 1043 1409 ut
1054 1350 1200 1426 eloquen-
1278 1368 1282 1382 ’·

26 1457 30 1461 ’
104 1449 180 1507 tiam
198 1449 279 1507 aicut
298 1450 425 1529 propria
449 1449 537 1507 leude
560 1451 755 1510 fraudandam
775 1451 837 1509 non
858 1471 931 1525 esee,
958 1451 1000 1509 ita
1017 1461 1200 1518 auctentum

106 1570 196 1628 pocae
215 1570 281 1609 casa
310 1538 478 1611 contentam
500 1553 697 1627 ostenderem,
727 1562 757 1611 et
779 1554 929 1628 egregium
946 1551 1028 1611 hunc
1049 1562 1207 1621 oratorem.

107 1651 297 1712 etiamsinon
312 1654 442 1727 aliunde,
465 1673 553 1732 quam
567 1672 606 1729 ep
622 1664 686 1712 arte
701 1653 896 1732 eloquentiae,
923 1653 1047 1730 gloriam
1066 1653 1092 1713 ei
1114 1653 1200 1711 attri-

104 1751 244 1829 buamus,
267 1775 305 1813 ex
330 1775 365 1814 ea
386 1756 461 1814 adeo
481 1757 593 1815 clarum
616 1777 652 1813 ac
672 1756 818 1814 celebrem
843 1753 924 1832 apud
944 1774 1045 1816 amares
1063 1751 1146 1825 esse,
1166 1761 1200 1810 ut

106 1856 196 1915 aliam
209 1855 342 1930 leudem,
364 1857 500 1936 quamvis
512 1857 637 1934 adeptus
651 1858 698 1931 sit,
720 1877 781 1915 non
794 1857 919 1915 multum
935 1854 1201 1914 tamen-desidem

105 1958 156 2017 rit.
199 1958 291 2016 tium
313 1957 415 2035 igitur,
443 1958 565 2036 praesul
587 1961 706 2038 optime,
727 1956 778 2017 hic
795 1956 850 2017 tibi
872 1977 933 2016 non
951 1956 1098 2020 immerito
1123 1954 1198 2014 adeo

102 2060 232 2138 placeat,
254 2067 290 2118 ut
309 2059 340 2117 in
366 2059 492 2119 alierum
512 2060 600 2120 etiam
620 2059 792 2138 graviorum
807 2061 976 2120 studiorum
986 2043 1201 2136 occupationi·
1306 2124 1309 2128 Α
1359 2063 1363 2077 ⁴

105 2162 165 2219 bus
198 2161 360 2247 lectionem
393 2160 456 2218 eius
495 2160 551 2219 tibi
582 2181 734 2240 uunquam
760 2161 1011 2222 intermittendam
1041 2159 1201 2231 castanerio,
1227 2240 1230 2244 ἢ

104 2271 304 2342 posteaquam
324 2281 453 2321 mensus
471 2263 529 2321 iam
552 2273 606 2338 cst,
635 2284 703 2322 eum
725 2264 782 2323 tibi
800 2264 966 2326 dicandum
981 2264 1064 2338 duxi,
1092 2264 1198 2322 utsub
1231 2279 1234 2283 ·

105 2365 171 2423 eius
191 2362 358 2442 nominoio
368 2384 472 2422 manue
485 2362 640 2423 hominum
654 2365 799 2444 prodiret,
825 2367 880 2445 qui
890 2366 974 2427 illius
989 2375 1067 2425 essct
1079 2364 1182 2425 studio
1196 2373 1204 2417 .·

104 2467 257 2542 sissimus3
278 2476 342 2526 turn
366 2464 455 2523 etiam
467 2507 476 2539 ,
506 2474 559 2552 ut,
588 2487 658 2526 cum
683 2470 744 2554 eg'q.
761 2470 796 2528 in
815 2489 854 2528 eo
878 2469 1055 2530 excudendo
1076 2488 1202 2547 operam¹

102 2567 280 2626 nonnullam
300 2566 506 2645 impenderim,
527 2568 631 2628 labore
651 2568 711 2629 hoc
723 2571 924 2648 qualicunque
936 2571 992 2629 tibi
1008 2570 1118 2643 oblato,
1143 2568 1199 2629 ob-

104 2667 272 2725 servantiae
284 2667 357 2728 inte
369 2689 461 2743 aneae,
484 2689 543 2748 qua
556 2671 659 2730 multia
675 2671 821 2731 decausis
836 2672 893 2730 iam
911 2670 963 2730 diu
975 2681 1005 2730 te
1018 2693 1197 2750 prosequor,

103 2767 314 2843 significandae
329 2768 447 2834 occasio
465 2770 537 2830 mihi
556 2774 586 2843 in
605 2774 771 2850 praesentia
791 2774 922 2832 daretur.
965 2774 1041 2830 Nam
1062 2780 1203 2851 praeter-a.

103 2887 209 2945 quam,
231 2871 313 2944 quod
329 2881 428 2930 vestra
445 2874 503 2930 iata
526 2873 637 2931 familia
657 2883 721 2933 trun
736 2891 854 2931 morum
867 2871 1042 2944 integritate
1052 2891 1087 2926 ac
1101 2873 1199 2927 virtu-

102 2979 171 3028 tum
189 2969 357 3047 splendore,
377 2983 445 3032 tum
461 2973 685 3052 imperatorum,
703 2991 832 3051 querum
845 2970 931 3049 copia
942 2969 1069 3030 maxine
1085 2969 1199 3043 lleauit,

104 3070 201 3146 gloria
223 3080 253 3128 et
269 3092 373 3133 rerum
394 3072 544 3152 gestarum
568 3073 773 3154 amplitudine,
801 3082 864 3134 tum
890 3071 1048 3145 leonardi,
1072 3071 1119 3130 avi
1144 3070 1200 3145 tui,

102 3170 252 3248 Principia
282 3175 396 3252 optimi,
418 3178 611 3254 praestantia¹
628 3196 665 3235 ac
685 3176 830 3253 dignitate
852 3176 1003 3238 illustrata
1024 3170 1097 3236 adeo
1119 3175 1199 3235 clara

104 3293 142 3329 ac
156 3272 280 3331 celebria
300 3295 418 3355 semper
437 3279 504 3352 suit,
526 3288 562 3336 ut
584 3277 742 3336 conciliare
763 3278 819 3336 sibi
839 3278 951 3336 animos
968 3276 1099 3335 omnium
1112 3275 1199 3334 facile

103 3376 249 3454 potuerit,
263 3385 363 3454 ,atque
377 3378 414 3437 ob
429 3379 460 3437 id
474 3380 539 3458 ipae
554 3379 641 3439 etiam
667 3379 818 3441 communi
830 3379 948 3437 nomine
964 3398 1114 3456 propenso
1129 3397 1200 3454 erga

105 3496 171 3533 cam
192 3476 291 3534 animo
313 3494 430 3559 semper
453 3481 571 3554 fuerim,
592 3482 712 3561 privata
732 3491 831 3540 tamen
856 3501 944 3540 causa
960 3489 1049 3557 atque
1064 3477 1116 3536 ille
1131 3479 1200 3558 qui-

104 3576 174 3634 dem
188 3586 248 3636 tam
262 3579 362 3654 gravia
375 3570 599 3641 benevolentiae
621 3580 695 3640 mini
713 3582 848 3656 accessit,
869 3591 904 3640 ut
915 3599 1069 3658 nunquam
1083 3601 1147 3638 eam
1162 3599 1200 3636 ex

103 3680 204 3740 anime
219 3701 304 3755 mee,
329 3681 429 3760 queam
449 3682 571 3757 uixero,
597 3683 660 3742 nlla
681 3682 815 3743 deletura
831 3683 944 3741 oblivio
965 3682 1020 3755 sit,
1043 3679 1199 3754 Antonius,

104 3783 243 3841 omnibus
265 3781 396 3862 quidem,
419 3772 471 3861 qui
492 3785 579 3843 illum
601 3794 762 3859 noverunt,
782 3804 843 3843 non
861 3784 924 3842 sine
942 3782 1126 3861 praelatione
1142 3799 1200 3836 ne-

103 3885 264 3943 minandua
285 3884 379 3943 frater
397 3892 478 3944 tuus.
505 3885 641 3966 quicum
661 3884 878 3955 adolescentiae¹
892 3896 985 3942 annea
1000 3881 1132 3942 nondtun
1146 3900 1201 3940 ex-

105 3986 253 4061 cessisset,
277 3996 309 4046 et
322 3984 422 4046 Abbas
436 3987 551 4047 electus
562 3997 643 4047 tanta
665 3988 776 4066 ingenii
789 3985 975 4067 perspicacia
991 3992 1069 4042 esset
1080 3982 1202 4063 praedi-

102 4101 167 4162 tus,
192 4098 272 4148 tante
296 4088 487 4149 scientiarum
509 4098 539 4147 et
560 4090 715 4149 literarum
739 4087 903 4170 praecipue
920 4104 1074 4145 sacrarum
1100 4104 1201 4167 amere

104 4191 317 4264 interamnae,
338 4199 423 4250 tanta
436 4191 468 4249 in
479 4190 606 4268 negotiis
620 4190 786 4250 tractandis
796 4187 956 4272 prudentia
968 4190 1144 4261 instructus,
1165 4187 1203 4244 ut
1291 4215 1299 4223 ·

104 4291 222 4354 exista
235 4291 349 4352 familia
360 4286 508 4373 prodiisse
529 4292 614 4373 quasi
627 4292 823 4374 praecipuum
841 4308 961 4370 germen
980 4281 1209 4367 agnoscerem,

1273 4396 1316 4440 A
