2768 4724
403 189 462 252 AD
490 185 623 252 ORAT.
653 185 853 267 OLYNTH.
889 134 995 253 11101'
1166 195 1229 259 303

31 406 34 411 ⁴
136 381 211 433 mar.
232 351 266 420 εἰ
286 334 492 437 ἐκειλημμένοι
509 348 579 421 tissi
597 363 652 422 τοῦ
664 350 857 440 ἐκειληφύεες
872 351 942 423 κατ’
955 324 1119 441 ἐναλλαγὴν
1130 305 1229 425 ’Λικι-

27 456 33 467 ·
136 439 255 521 mist)
297 441 356 500 Sed
379 441 491 519 siquis
511 441 630 520 passive
650 442 736 505 malit
756 442 933 521 intelligere,
954 441 1228 526 οηαοαιοεοίιίμ-
1327 460 1329 467 ’

137 524 204 586 dine
220 525 528 605 simnsairoamoenti,
549 524 576 584 is
597 526 706 604 cogitet
713 550 731 603 ,χ
743 527 902 605 legendnm
923 526 980 586 sibi
1003 529 1068 586 fore
1084 517 1150 589 ἄλλ’
1167 520 1227 607 ὕφ’

136 605 210 690 ὅσοι
224 603 354 684 ἅπαντα
367 619 423 669 etc.
460 609 536 668 Nom
553 603 577 690 d
597 611 728 688 ἔλλειψις
743 610 899 675 unissime
918 611 1017 672 suerit
1051 609 1102 685 ⁴oio
1122 608 1229 679 dcam

135 687 393 774 ἐπιλαμβάνεσθαι
416 688 616 776 προφάσεως,
644 695 770 776 arripere
798 698 982 756 occasionem
987 735 999 770 ,
1031 698 1092 756 τοῖν
1109 698 1228 775 τροχοῖν,

134 775 273 838 iisoodm
284 779 316 837 in
332 773 474 860 capillos,
501 782 555 857 τῆς
565 770 698 852 distrios
710 777 934 861 ἐπειλημμένοι,
955 779 1102 839 consecuti
1115 780 1227 837 ίκαηα·

135 865 277 939 nitatem,
310 856 565 942 ἐπιλαμβάνεσθαι
592 865 649 926 τοῦ
677 854 789 944 λόγον,
825 859 1026 942 reprehendere
1055 862 1226 923 orationem.

136 967 236 1007 wonr.
278 944 345 1006 Non
364 947 525 1024 obloquor,
553 947 579 1006 si
608 946 673 1026 quis
703 940 876 1023 contindat,
905 956 1054 1015 oratorem
1071 941 1123 1002 hio
1144 943 1228 1004 illata

136 1032 290 1110 designare
317 1029 521 1106 solitudinem,
551 1050 619 1091 cum
640 1040 674 1091 tu
693 1032 729 1090 ab
750 1032 852 1092 amicis
870 1024 1007 1091 desertus
1026 1038 1055 1089 et
1075 1027 1233 1088 desolatud

135 1117 167 1177 in
195 1114 339 1193 angintiia
366 1115 481 1174 haeres.
524 1114 651 1174 Videtur
677 1124 777 1176 tamen
803 1124 911 1190 orator,
935 1115 1038 1195 potius
1064 1111 1230 1173 absentiam

137 1200 322 1261 aemulorum
342 1198 374 1258 in
397 1200 494 1257 animo
520 1196 670 1260 habuisse.
704 1221 882 1282 quamquam
905 1206 987 1259 nemo
1008 1199 1070 1257 iam
1090 1209 1146 1271 est,
1177 1197 1230 1278 qai

135 1282 286 1345 nobiscnm
307 1280 343 1342 de
357 1285 528 1364 principans
549 1278 690 1345 Graeciae
710 1281 882 1356 contendat,
904 1278 956 1341 sed
973 1303 1026 1342 uos
1040 1303 1106 1339 eum
1120 1278 1173 1339 aba
1194 1301 1230 1339 οε

63 1422 72 1433 ,
137 1367 334 1429 controversia
364 1381 456 1426 tenere
471 1380 498 1423 ει
518 1389 659 1449 usurpare
682 1369 817 1448 possitis,
854 1389 938 1448 quem
962 1366 1054 1424 tantis
1076 1304 1229 1423 ἰαόονίἐιιε

136 1465 276 1531 tantoque
296 1450 436 1528 sangnine
454 1453 579 1510 maiores
599 1452 688 1511 vestri
711 1453 881 1532 quaesivere.
897 1469 993 1509 nmen.
1019 1443 1071 1506 sed
1087 1461 1236 1528 qnantum.
1358 1454 1362 1465 “

136 1557 236 1597 omnes
258 1532 362 1593 violetis
380 1530 566 1598 solitudinem
584 1537 668 1595 noeti
685 1535 910 1615 velnoonaeonti.
929 1528 1133 1605 εοίἰικιίἰιιειη,
1159 1532 1179 1589 i.
1202 1550 1229 1589 e.

136 1617 300 1678 absentiam
312 1617 504 1676 aemulorum.
528 1638 636 1678 nooaa.
680 1616 839 1679 verissimo
856 1615 1009 1695 hogerus,
1028 1634 1084 1674 nec
1097 1624 1161 1672 erat
1174 1632 1229 1673 cur

136 1702 275 1763 Reiskius
288 1701 339 1760 vel
353 1702 501 1761 tantillum
517 1696 675 1762 dubitaret.
719 1703 829 1762 Orator
849 1703 928 1763 enim
950 1700 989 1760 de
1010 1697 1080 1758 solia
1097 1718 1230 1781 eommo-

137 1787 281 1846 ditatibue
308 1785 457 1864 loquitur,
485 1779 593 1864 qhibua
614 1786 806 1846 Athenienses
827 1786 873 1844 uti
895 1783 1067 1856 debuerint,
1093 1782 1147 1841 aed
1173 1800 1230 1862 por

136 1871 305 1932 socordiam
328 1890 411 1929 suam
431 1870 601 1946 malamque
619 1870 762 1930 fraudem·
774 1870 1005 1947 demagogornm
1023 1886 1084 1925 non
1097 1868 1157 1926 sint
1170 1864 1228 1925 nsi.

136 1956 219 2015 Haeo
236 1954 328 2013 verba
347 1953 379 2011 in
400 1953 513 2012 Anecd.
531 1953 625 2013 Bekk.
647 1974 677 2032 p.
694 1959 772 2027 136,
792 1957 820 2018 5.
842 1955 885 2013 sio
909 1955 1052 2011 citantur:
1075 1943 1141 2012 ἄλλ’
1156 1942 1232 2028 ὅσης

137 2033 227 2122 ὁρᾶτε
238 2033 349 2111 πάντες
361 2035 487 2118 ἐρημίας
497 2037 715 2118 ἐπειλημμένοι.
737 2031 846 2113 πάντες
861 2037 949 2098 etiam
960 2030 1230 2114 Dionysiusflalic.

136 2124 236 2183 habet.
253 2141 411 2181 acnnnran.
730 2158 733 2163 .

202 2226 233 2283 Ρ.
257 2226 307 2288 36.
329 2241 357 2280 v.
380 2226 410 2288 6.
432 2214 521 2301 ύμῖν]
543 2213 618 2300 ἡμῖν
632 2218 725 2280 Paris.
740 2229 881 2295 octavus,
903 2221 1010 2280 Bavar.
1024 2218 1099 2295 Aug.
1121 2237 1230 2277 secun-

137 2308 196 2370 dus
212 2318 242 2367 et
256 2306 363 2366 tertius
370 2352 383 2382 ‚
407 2306 586 2366 bleermann.
605 2305 717 2381 Aldus,
735 2305 820 2364 Paul.
836 2304 950 2364 Manna
961 2324 1058 2363 nana.
1079 2295 1152 2381 ἡμῖν
1166 2303 1231 2361 Au-

137 2412 199 2473 ger.
209 2393 337 2451 Bekker.
353 2401 384 2450 et
396 2391 538 2468 Riidiger.
557 2391 661 2479 Recte·
681 2407 841 2448 santerna

199 2495 231 2552 Ρ.
254 2497 304 2558 86.
325 2509 354 2549 v.
377 2495 406 2555 6.
429 2474 671 2566 ἆνειτᾶξαοθαιῘ
688 2483 816 2573 dreginni
833 2489 1004 2568 Dionysias.
1027 2506 1122 2548 εοεαε.
1163 2486 1232 2549 fluo

136 2578 208 2638 vide
222 2597 259 2636 ne
272 2574 431 2653 genuinum
446 2575 493 2631 sit.
518 2592 678 2630 scnnnran.
865 2629 868 2635 ,
956 2587 960 2601 ·
1201 2619 1207 2632 ,
1237 2613 1240 2622 .

199 2678 233 2737 Ρ.
257 2679 307 2753 86.
328 2696 358 2734 ν.
379 2680 411 2742 ’6.
433 2670 499 2750 ἐξὸν
512 2671 634 2754 χώρας]
664 2673 800 2732 Citantur
819 2674 849 2732 in
871 2672 984 2754 Anacd
1001 2672 1095 2734 Bekk.
1108 2691 1141 2752 p·
1158 2675 1232 2748 186,

136 2767 168 2827 1.
183 2765 288 2821 omisso
305 2753 336 2822 δ’
354 2769 383 2819 et
395 2781 453 2839 pro
468 2758 521 2836 μὲν
534 2758 633 2837 posito
652 2757 691 2819 δέ.
712 2777 869 2841 acnnnran.

200 2864 233 2924 P.
258 2865 309 2929 36.
332 2880 360 2920 v.
385 2867 415 2926 6.
439 2855 525 2938 [6']]
548 2859 640 2917 Abest
656 2857 836 2935 aDionysio.
857 2875 952 2915 nnana.
994 2857 1093 2916 Uncos
1112 2866 1232 2919 amove-

134 2957 210 3009 runt
221 2946 330 3024 Anger.
347 2946 473 3005 Bekkar.
490 2953 519 3002 et
529 2943 669 3019 Riidiger.
711 2940 785 2999 Mihi
796 2941 942 3017 particula
954 2941 1077 3000 ridetur
1090 2943 1232 3004 delenda:

135 3033 209 3092 salia
225 3033 302 3090 enim
318 3031 414 3090 solute
428 3029 488 3088 dici
502 3029 605 3087 solent.
629 3024 713 3084 Conf.
728 3047 759 3105 p.
772 3025 823 3098 25,
841 3030 871 3089 4.
894 3046 1050 3084 scnsnean.
1175 3016 1191 3045 ‘⁸

200 3134 233 3193 P.
256 3137 308 3200 36.
332 3151 362 3191 v.
385 3133 414 3194 7.
437 3121 552 3206 αὐτῶν]
574 3127 666 3186 Abest
683 3125 718 3184 ab
733 3124 905 3204 Augustano
921 3127 1063 3188 secundo.
1085 3107 1180 3190 aaran.

199 3235 233 3297 P.
254 3240 305 3300 36.
327 3252 358 3292 v.
381 3237 409 3298 7.
433 3224 612 3309 βραβεύειν]
633 3231 730 3307 Super
750 3220 910 3311 βραβεύειν
935 3229 967 3286 in
990 3230 1116 3307 August.
1133 3231 1232 3310 primo

134 3320 374 3399 superscriptum
400 3324 444 3374 est
465 3313 612 3371 scholium
637 3313 819 3391 οἰκονομεῖν.
842 3332 938 3371 anisa.
981 3314 1143 3391 Aliquanto
1160 3318 1232 3394 plns

135 3409 184 3463 eut
203 3397 364 3484 βραβεύειν
388 3419 477 3478 quam
497 3399 678 3477 οἰκονομεῖν.
708 3395 743 3454 V.
759 3396 883 3457 Dor-vill.
897 3397 936 3455 ad
949 3396 1100 3458 Chariton.
1115 3421 1146 3479 p.
1159 3401 1231 3467 445.

136 3486 187 3545 ed.
200 3488 281 3565 Lipo.
303 3505 458 3544 aoimnrnn.

201 3588 234 3645 P.
254 3592 305 3654 36.
327 3606 357 3645 v.
380 3589 409 3649 8.
430 3578 527 3662 χώρας
554 3577 681 3658 οἰκείος]
716 3579 752 3637 In
772 3581 903 3658 margine
922 3558 1062 3644 Bavarici
1085 3594 1150 3644 erat
1173 3584 1231 3647 aio:

136 3694 185 3755 ηρ.
204 3663 310 3751 χώρας.
334 3670 440 3739 οἰκίας.
460 3654 747 3744 τῆςἈμφικύλεοος.
770 3662 908 3746 (forsitan
924 3688 940 3728 ο
954 3664 1095 3752 scholio.)
1121 3669 1181 3729 Sed
1198 3671 1231 3728 iu

135 3763 222 3815 texto
235 3764 299 3814 erat
315 3754 435 3824 οἰκείας.
458 3768 554 3808 aaron.

200 3856 233 3916 P.
256 3862 306 3922 36.
328 3873 358 3911 v.
382 3858 431 3917 10.
456 3840 666 3930 ἇνηλοίκαμεν]
680 3850 716 3911 In
728 3850 873 3912 Bavarico
890 3862 920 3911 ot
932 3851 983 3912 hio
996 3862 1025 3911 et
1040 3852 1102 3911 fere
1115 3852 1230 3932 ubique

135 3939 291 4017 locorum,
311 3936 364 3997 ubi
385 3936 512 4015 verbum
532 3932 593 3993 hoo
608 3936 758 4014 occurrit,
783 3937 1025 4029 ¹superscriptum
1046 3956 1137 4017 nuper
1152 3942 1175 4019 η
1184 3946 1229 3999 eat

206 4194 229 4257 ι)
247 4189 362 4242 Fallitur
379 4185 414 4239 de
431 4184 556 4272 enallage
572 4185 705 4256 ongitans.
727 4184 786 4245 ,θίο
808 4185 912 4257 ubique
930 4183 1032 4239 dicitur
1051 4181 1229 4259 ἐπιλαμβάνε-

111 4290 117 4301 .
135 4259 223 4326 «θαι,
240 4272 378 4327 umqum
393 4254 597 4346 ἐιιιλαμβανειν.
612 4270 762 4310 eumuna.
1204 4284 1208 4289 ·
