2768 4724
199 312 201 316 Α
286 242 288 253 ·
325 319 330 326 Ι
394 174 905 295 annen'osrunnnn.
1157 229 1199 296 49

104 402 314 484 imprudenter
327 409 357 462 et
373 409 494 484 temere,
514 401 541 460 si
561 400 661 460 nitore
679 397 842 460 verborum
855 400 954 460 omnia
967 399 1139 477 metiantur,
1161 399 1198 463 de

107 505 319 567 sententiarum
332 505 458 565 veritate
481 512 514 563 ct
527 501 672 581 grantm
689 521 798 580 parum
818 501 994 564 laborantes.
1039 503 1123 578 Quas
1137 522 1199 582 ego

107 629 156 668 me
174 629 246 668 sane
262 592 414 688 spectrise
430 605 594 687 praecipue
605 623 669 663 non
681 602 851 665 dissimulo:
873 606 917 664 sic
930 615 1036 683 umen,
1058 616 1094 668 ut
1104 604 1200 667 verba

107 729 168 769 non
192 709 381 787 negligerem.
405 707 502 775 'Nam
520 715 680 783 utramque
694 704 903 767 difficultatem
917 707 969 785 (de
985 710 1092 788 quibus
1107 709 1200 789 paulo
1300 750 1305 755 -

103 820 175 870 ante
197 810 298 870 dicere
318 805 460 888 memini)
481 817 546 866 tum
566 805 761 882 intelligendi,
788 817 854 867 tum
879 809 1047 888 eloquendi,
1074 813 1225 873 usitat*
1300 799 1304 807 ’

104 922 170 972 tate
179 911 350 990 diligentiae
369 910 475 970 studui
486 922 640 988 suparare,
663 915 693 966 et
709 907 840 977 dictione
854 907 900 966 nti
916 910 1009 985 volui,
1033 930 1109 991 quae
1125 912 1202 973 nihil

104 1013 232 1073 haberet
252 1012 449 1088 salebrosum,
477 1022 531 1073 aut
550 1010 729 1085 barbarum,
757 1006 832 1069 nihil
847 1008 1031 1087 affectatum,
1054 1001 1202 1075 sutinso-
1264 1031 1266 1035 ·

105 1117 181 1189 lens,
205 1114 259 1173 sed
281 1122 312 1173 et
332 1115 438 1190 latina,
459 1124 491 1173 et
509 1113 594 1173 taciti
613 1099 663 1170 ad*
674 1110 908 1189 intelligendum,
931 1122 963 1171 et
984 1113 1203 1176 advertisne

105 1216 272 1277 mosthenis
293 1236 382 1295 quam
408 1215 547 1303 proxime
577 1213 745 1274 accedente.
796 1213 969 1273 Necessario
990 1225 1090 1275 umen
1108 1215 1205 1274 inten-

106 1319 182 1378 dum
206 1317 381 1396 usurpanda
403 1316 528 1374 suernrrt
550 1315 696 1393 quaedam
718 1314 750 1373 in
773 1333 806 1372 ea
827 1310 948 1375 notione
965 1317 1064 1376 minua
1077 1317 1219 1395 fortasse¹

65 1493 68 1500 ,
105 1420 184 1479 trita
203 1418 367 1492 veteribus,
390 1417 462 1496 quia
477 1425 544 1490 tum
561 1414 688 1476 meliora
711 1436 772 1474 non
787 1418 994 1480 occurrebant.
1038 1418 1106 1492 Qua
1119 1417 1204 1478 dere

91 1541 179 1580 -cum
193 1521 283 1600 plura
304 1519 416 1580 dicturi
437 1520 530 1578 simus
540 1518 572 1577 in
589 1517 700 1576 nostris
716 1517 966 1594 annotationibus,
988 1517 1075 1600 (quas
1087 1522 1203 1581 utinam

104 1623 249 1683 fortunae
271 1621 413 1700 iniquitas
435 1621 479 1680 ita
497 1638 546 1679 nse
565 1617 710 1702 perficere
729 1627 894 1696 pateretur,
916 1628 951 1677 ut
974 1619 1012 1678 ad
1032 1639 1137 1698 graeca
1150 1624 1208 1684 lo*

108 1722 242 1802 gendmu
257 1720 486 1781 Demosthenem
499 1719 636 1780 omnibus
657 1720 768 1799 optima
781 1739 849 1779 curn
863 1741 917 1800 ape
932 1721 1076 1781 accedere
1087 1721 1205 1805 liceret)

107 1844 194 1885 nunc
209 1843 271 1881 non
288 1836 343 1883 ero
357 1822 492 1901 longior;
516 1843 553 1880 ac
574 1820 647 1880 mibi
661 1823 726 1880 fore
739 1822 915 1901 persuadeo,
936 1831 981 1897 ut,
1003 1824 1148 1904 quicquid
1161 1835 1207 1885 est
1278 1844 1280 1849 ·

108 1923 269 1999 eiusmodi,
290 1922 607 2001 ingentium-laborum
620 1942 720 1999 causa,
741 1941 817 2001 quos
839 1925 937 2003 coepi,
959 1944 1074 2003 aequus
1089 1936 1119 1986 at
1131 1947 1205 1988 eau-

108 2027 202 2087 didus
230 2025 328 2085 lector
347 2024 397 2083 vel
414 2024 611 2085 imbecillitati
629 2025 749 2104 ingenii,
770 2025 821 2085 vel
842 2027 1087 2104 occupationibus
1106 2038 1138 2087 et
1157 2029 1206 2088 in-
1255 2029 1258 2035 ’

105 2124 377 2187 commoditatibus
398 2126 472 2191 meis
490 2127 624 2204 ignoscat
654 2137 684 2188 et
698 2125 855 2186 condonet
909 2127 973 2186 Noc
996 2130 1073 2189 enim
1103 2129 1205 2207 video,

108 2230 203 2311 phara
233 2225 334 2287 dicere
356 2243 498 2305 quorsum
530 2231 669 2305 attineat,
698 2230 779 2310 apud
802 2237 833 2288 te
858 2229 1052 2308 praesertim,
1080 2216 1207 2292 loannes

108 2327 224 2391 Incede
235 2327 376 2407 Faggese,
395 2328 444 2389 vir
457 2332 652 2409 ornatissime,
676 2334 728 2411 qui
743 2353 800 2412 pro
823 2330 934 2409 ingenii
955 2331 1002 2391 tui
1029 2321 1219 2391 excellentia¹

109 2442 146 2492 et
161 2430 309 2509 exquisita
324 2427 502 2503 eruditione,
524 2450 600 2509 quae
614 2433 743 2493 intanto
757 2433 897 2492 fortunae
912 2452 1063 2512 opumque
1086 2433 1207 2513 fastigio

111 2554 151 2593 eo
175 2542 221 2592 est
241 2530 451 2605 admirabilior,
482 2551 542 2610 quo
565 2535 672 2609 rarior,
701 2532 785 2594 tenlo
805 2533 911 2593 melius
930 2535 1087 2595 aestimare
1110 2545 1207 2614 poteo,

111 2633 190 2714 quid
212 2634 253 2692 ait
271 2632 308 2692 de
330 2630 391 2690 hoc
411 2651 478 2690 meo
496 2633 599 2694 labore
621 2628 815 2710 sentiendum,
840 2645 984 2714 quantum
1004 2637 1165 2715 prudentia
1178 2648 1210 2698 et

110 2735 247 2795 candore
259 2734 384 2793 caeteris
394 2734 562 2812 antecellis.
598 2735 674 2806 ‚Qua
690 2754 724 2794 re
745 2755 798 2812 ego
810 2737 950 2809 fretuset
966 2737 1208 2814 eruditionem,

111 2829 152 2896 et
166 2835 348 2896 luurranitate
361 2834 515 2911 singulari,
539 2854 630 2913 quam
646 2835 873 2894 honestissimus
885 2838 942 2910 vir,
966 2833 1108 2913 Georgius
1123 2837 1210 2895 Her·-

111 2957 254 3017 mannas‚
276 2938 327 3013 qui
342 2933 437 3016 (uteo
451 2936 575 3014 dignum
591 2945 644 3012 eat,
668 2935 718 3014 qui
730 2935 873 2994 virtutem
885 2944 914 2994 et
930 2933 1127 2994 eruditionem
1142 2955 1211 2997 cunr

112 3047 242 3098 naturae
257 3038 456 3117 fortunaeque
477 3039 659 3101 ornamentis
672 3036 838 3119 coniunxit)
856 3037 935 3097 inter
946 3045 1080 3096 caeteros
1093 3036 1212 3096 studio-

112 3160 176 3215 sos,
200 3139 309 3218 quibus
329 3141 435 3200 sedulo
453 3143 623 3201 consultam
642 3141 720 3216 vult,
742 3161 789 3199 me
813 3158 934 3219 qnoque
953 3158 1057 3216 magna
1078 3139 1212 3200 benevo-

112 3241 208 3301 lentis
227 3243 431 3319 prosequitur,
459 3230 569 3303 mirum
590 3245 623 3301 in
639 3243 763 3302 modum
784 3241 858 3317 mihi
879 3240 1079 3322 praedicavit,
1100 3238 1130 3301 te
1151 3261 1212 3302 non

114 3342 208 3402 ruodo
225 3352 386 3421 patronum
403 3355 435 3404 et
448 3345 645 3418 defensorem,
668 3344 722 3403 sed
743 3344 830 3405 etiam
854 3344 986 3407 iudicem
1008 3356 1039 3405 et
1061 3364 1213 3411 censorem

115 3446 363 3527 lucubrationum
383 3466 516 3505 mearum
535 3446 641 3523 delegi.
686 3445 731 3504 Ae
754 3445 837 3524 qnod
858 3444 898 3503 ad
919 3446 1019 3523 ipsum
1036 3448 1213 3511 Demosthe-

118 3565 189 3606 nem
208 3548 323 3631 attinet,
353 3568 388 3607 ea
410 3556 458 3606 est
478 3548 516 3607 de
539 3549 602 3608 eius
622 3546 803 3625 eloquentia,
827 3566 865 3605 ex
888 3566 948 3625 quo
969 3556 1105 3629 tempore
1126 3552 1213 3626 vixit,

117 3648 207 3708 annis
220 3649 331 3709 abhinc
353 3649 417 3708 iere
440 3648 487 3706 bis
510 3650 591 3708 mille
608 3650 769 3726 praecepta
791 3649 901 3727 opinio,
923 3659 967 3725 ut,
990 3650 1075 3730 quod
1094 3651 1131 3710 de
1145 3650 1216 3710 vir-

89 3755 96 3765 ‘
115 3749 195 3828 gilio
213 3751 337 3829 qnidam
358 3759 514 3829 usurpant,
535 3750 569 3808 id
581 3749 790 3828 huic'quoque
804 3750 1023 3831 tribnipossit:
1046 3752 1073 3810 ei
1092 3770 1147 3809 nec
1164 3772 1222 3816 ae«,
1246 3735 1249 3741 ⁴

117 3850 228 3912 cedere
249 3855 412 3932 quicquam
434 3851 666 3926 laudationibus,
696 3871 754 3909 nec
777 3852 923 3913 decedere
945 3845 1217 3935 vituperationibus
1270 3864 1273 3870 ’

119 3951 258 4013 aliorum.
296 3953 395 4028 Quod
410 3954 434 4013 ei
449 3956 517 4034 quis
531 3956 594 4014 eius
612 3944 787 4012 laudatores
801 3957 945 4036 requirat,
965 3957 997 4016 in
1012 3965 1132 4035 promtu
1148 3965 1220 4017 sunt

83 4077 88 4085 ·
116 4062 382 4134 praeter-caetera,
406 4058 557 4116 Ciceronis
575 4066 604 4117 et
618 4055 796 4129 Quintiliani
810 4058 992 4132 Latinorum,
1014 4052 1169 4116 Plutarchi
1182 4079 1212 4117 ar

118 4155 246 4215 Luciani
262 4159 449 4229 Graecorum
471 4141 647 4232 testimonia,
672 4177 748 4236 qnae
768 4160 806 4218 ad
824 4160 989 4222 secundum
1012 4152 1204 4223 nosti'labori

118 4258 251 4337 'somma
275 4249 518 4337 reservnvimus,
536 4263 599 4341 ⁴qni
620 4260 740 4343 Ulpiani
763 4262 981 4338 mercationes,
1005 4265 1204 4328 ‘annotatione'

154 4358 257 4412 Arsace.
278 4361 315 4410 orl
333 4361 466 4416 Demostlt.
487 4350 520 4412 Ti
535 4363 560 4416 1.
986 4348 1010 4407 Ῑ)
