2768 4724
476 224 535 283 so
563 223 699 287 enar.
729 224 931 287 osrnrn.
963 223 1006 284 ιι.
1226 227 1309 315 111Ι

192 391 290 451 leiano
322 397 551 472 προπολεμῆσαι
572 396 726 455 annotavit
750 405 787 456 et
803 395 920 476 ν’όμλζοι
945 394 978 454 in
1004 398 1098 472 optat.
1141 387 1294 468 Viderinly.

192 477 301 553 quibus
315 477 440 536 Parisini
460 479 573 538 codicis
596 481 678 539 illius
700 482 789 559 copia
803 490 864 556 est,
884 500 956 539 num
973 477 1062 558 huiup
1079 476 1293 539 observatiam

191 561 277 621 culae
294 561 458 636 ignorantia
470 564 597 623 Morello
619 565 719 624 fraudi
740 564 842 626 fuerit.
861 585 959 626 aarum
988 564 1072 622 Conl.
1088 562 1181 620 Bastii
1199 562 1289 623 Cous-

188 654 280 703 ment.
297 647 450 725 Palaeogr.
464 669 493 728 p.
507 655 580 716 789.
600 671 759 710 scrraersa.
964 652 966 657 ’

251 747 284 805 Ρ.
307 751 359 811 24.
381 768 411 807 v.
436 757 485 815 12.
507 751 650 838 λογισμῷ]
671 751 803 832 προνοίᾳ
814 749 975 829 Dionysius
986 769 1017 827 p·
1042 749 1092 821 16·
1112 728 1223 806 mlv
1270 786 1273 793 ’
1299 802 1307 830 ι

251 849 285 908 Ρ.
309 854 359 914 24.
382 870 412 911 tt.
437 858 486 916 13.
513 847 625 932 μεγάλη
646 848 703 933 γὰρ
727 848 808 931 dour}
830 876 858 914 ιι.
882 875 906 913 τ.
932 850 975 929 λ]
1008 848 1093 909 Hanc
1111 848 1285 908 sententiam
1370 861 1373 865 ’

119 989 122 994 .
187 932 295 993 Cicero
320 937 469 1013 eleganter
483 938 519 996 11.
538 937 596 996 Oli.
609 939 822 1017 interpretatus
846 945 904 996 est:
926 934 1062 1011 Magnam
1085 934 1146 994 virn
1170 953 1233 992 esse
1253 933 1289 999 ia

184 1018 309 1076 fortuna
327 1020 357 1077 in
373 1028 531 1100 utramque
547 1033 680 1102 partem,
704 1023 754 1081 vel
771 1021 918 1081 secundas
932 1019 969 1077 ad
986 1039 1052 1095 res,
1072 1018 1121 1077 vel
1134 1018 1289 1093 adversas,

187 1102 260 1180 quia
270 1105 421 1180 ignorati⁴
438 1108 513 1166 Nam
527 1117 558 1166 ct
574 1129 641 1169 curu
663 1128 808 1187 prospero
822 1108 886 1166 eius
903 1104 980 1164 ssstu
993 1104 1123 1179 utimur,
1141 1103 1181 1162 ad
1196 1110 1286 1183 opta·

185 1195 235 1249 tos
265 1189 363 1248 exitus
392 1190 603 1270 pervehimur,
640 1203 759 1253 etcum
786 1189 922 1266 reflavit,
951 1189 1120 1268 affligimur.
1168 1186 1289 1265 Plinius

184 1272 274 1337 etiam
287 1273 339 1330 lib.
352 1275 475 1355 ll..cap.
491 1282 533 1341 7.:
556 1278 706 1337 Fortunae
729 1279 827 1336 omnia
850 1294 994 1354 expensa,
1026 1271 1124 1333 omnia
1144 1271 1285 1331 ferantur
1320 1279 1324 1294 ⁶

183 1366 331 1436 accepta,
359 1369 389 1419 et
408 1361 441 1419 in
464 1363 664 1421 toleratione
690 1363 859 1425 mortalium
883 1359 946 1418 sola
969 1354 1283 1437 utramqus'psginam

182 1442 266 1500 facit.
281 1463 406 1513 woar„
426 1445 461 1504 V.
477 1447 605 1526 Lennep.
623 1448 660 1507 ad
677 1446 801 1507 Phalara
814 1468 845 1526 p.
866 1448 937 1511 182.
950 1463 974 1503 s.
994 1456 1153 1502 sonasset.

247 1526 280 1585 P·
304 1531 355 1593 24.
377 1548 407 1588 v·
432 1536 481 1595 13.
509 1527 543 1595 sd
576 1529 664 1610 ὅλον]
700 1531 750 1590 Sic
778 1529 904 1590 Parisinl
938 1523 1102 1608 quintul',⁸
1125 1525 1279 1604 septimun,

182 1618 325 1685 octavus,
353 1613 424 1672 item
453 1613 528 1692 Aug.
558 1615 673 1695 primus
701 1625 732 1676 et
752 1617 922 1676 Vossianus.
970 1610 1138 1672 Articulum
1165 1609 1280 1668 addidi.

180 1714 279 1754 srrsx.
301 1696 411 1775 Anger.
427 1708 458 1758 et
473 1700 613 1777 liudiger.
624 1702 806 1760 revocarunt
820 1698 903 1777 vulg.
918 1693 998 1760 ὅλον.
1017 1696 1104 1766 Male,
1119 1712 1280 1753 sonsrrsn.
1351 1706 1355 1724 ¹

246 1782 279 1839 P.
304 1784 356 1845 24.
378 1801 407 1842 v.
432 1789 480 1851 18·
503 1777 707 1869 napsisdvs']
728 1779 804 1868 παρ’
819 1781 1065 1849 tumultuata.
1080 1779 1173 1839 Paris.
1189 1777 1280 1858 quin·
1359 1779 1369 1793 ¹

180 1872 274 1924 tuest
289 1867 442 1953 septimus.
462 1887 560 1927 urst.
899 1868 903 1875 “
979 1894 986 1921 ι
1272 1892 1275 1897 ·
1327 1885 1330 1891 ·

246 1951 279 2008 Ρ.
303 1954 353 2014 24.
376 1972 405 2012 v.
431 1954 590 2033 16.(1ο1η]
634 1977 682 2036 ηρ.
709 1946 774 2037 ida
799 1951 893 2011 Paris.
920 1951 1034 2031 primus
1059 1958 1092 2010 et'
1114 1946 1280 2021 socundus,

177 2033 253 2094 item
273 2036 397 2096 Barocc.
415 2047 446 2096 et
459 2038 624 2098 Bararicus
642 2039 674 2097 in
692 2047 795 2112 texto,
819 2038 872 2096 sed
892 2057 982 2115 supra
1002 2035 1081 2111 δοίη.
1125 2032 1160 2095 ln
1174 2032 1291 2108 Augai·¹

179 2126 267 2177 stano
288 2121 377 2179 tertio
396 2122 521 2182 dederat
537 2123 596 2182 hoc
611 2123 761 2183 vetustior
781 2141 905 2197 manus,
924 2120 978 2180 sed
999 2118 1098 2178 iunior
1111 2117 1144 2175 id
1158 2116 1197 2175 ad
1207 2116 1284 2185 vul-3

178 2211 264 2278 gatae
277 2205 399 2265 modum
410 2208 593 2268 reformarit
615 2227 712 2268 aeras.
755 2207 791 2268 V.
807 2208 914 2284 Georg.
932 2206 1075 2284 Lecapen.
1090 2203 1122 2263 in
1135 2198 1276 2261 Matthaei

177 2288 275 2346 Lectt.
297 2289 413 2368 llosqu.
439 2294 473 2351 T.
495 2292 519 2352 I.
543 2315 573 2373 μ.
592 2296 642 2359 59.
666 2292 798 2352 Pierson.
813 2292 852 2351 ad
864 2291 957 2350 Mocr.
970 2310 1001 2370 μ.
1020 2292 1089 2352 117.
1103 2283 1283 2347 etlaubech.

177 2372 218 2430 ad
234 2373 397 2453 Phrynich.
413 2398 443 2455 p.
454 2379 532 2442 346.
546 2400 591 2457 sq.
635 2378 744 2436 Forma·
764 2366 817 2435 illa
836 2375 965 2456 optativi
983 2371 1118 2432 anomala
1137 2378 1275 2449 aposte-

119 2522 122 2527 ,
176 2457 290 2518 riorum
305 2460 503 2539 scriptoribus
522 2473 693 2543 temporum
705 2461 787 2520 haud
800 2481 868 2520 raro
882 2468 1025 2539 usurpata
1039 2468 1148 2516 vereor
1158 2474 1198 2514 ne
1213 2452 1276 2512 on'-

176 2542 275 2619 ginem
299 2543 407 2604 debeat
427 2545 521 2607 errori
540 2547 676 2626 ipsorum
689 2557 843 2621 veterum,
865 2547 917 2623 qui
939 2546 1049 2604 formas
1064 2539 1275 2601 coniunctiva-

135 2684 139 2691 ,
174 2646 245 2687 rum
271 2630 386 2705 epicos,
419 2625 524 2689 iisdem
551 2635 676 2710 scriptas
704 2632 829 2704 litteris,
863 2628 1008 2687 haberent
1033 2647 1091 2706 pro
1122 2622 1273 2703 optativis.

176 2712 247 2784 Quo
261 2714 354 2791 magis
370 2716 584 2790 ignoscendum
597 2716 741 2789 librariis,
766 2714 859 2792 quiin
872 2713 997 2771 eundem
1011 2729 1142 2768 cruorem
1160 2705 1276 2784 saepis-

174 2794 249 2854 sime
266 2794 446 2857 inciderunt.
468 2801 504 2858 V.
520 2810 582 2858 not.
597 2800 636 2858 ad
652 2798 774 2858 Hesiod.
786 2819 814 2855 v.
827 2803 897 2862 327.
911 2807 941 2854 et
955 2795 993 2861 sd
1007 2792 1141 2872 Euripid.
1156 2789 1271 2848 Hecub.

171 2878 258 2938 Pm-
283 2902 314 2961 p-
335 2887 386 2948 94.
407 2884 453 2944 ed.
475 2885 554 2964 Lips.
572 2893 639 2943 tert
683 2881 773 2954 Quod
796 2881 886 2957 igitur
909 2879 981 2938 olim
1002 2872 1139 2960 συμμνῴη
1159 2876 1191 2935 in
1213 2873 1273 2932 Ae-

172 2962 281 3046 schylo
299 2988 357 3045 pro
379 2988 452 3028 vero
475 2967 584 3044 habui,
608 2960 886 3042 ηωιοᾶναιλθεμαι.
910 2981 1070 3021 seirannus.

237 3051 270 3109 P.
292 3056 344 3117 24.
366 3073 396 3113 v.
422 3058 471 3119 16.
492 3048 597 3136 τύχην]
619 3051 779 3111 Lambinus
792 3058 863 3131 post
877 3042 969 3130 τύχην
985 3045 1055 3106 addi
1068 3045 1135 3105 vult
1151 3045 1270 3126 μᾶλλον.

168 3151 268 3197 asrsx.
697 3159 701 3164 ’
1262 3166 1266 3171 -

233 3220 267 3277 P·
290 3222 342 3284 24.
364 3239 394 3279 v·
419 3226 467 3287 16.
489 3219 626 3300 ἑλοίμην]
649 3221 697 3279 Ad
710 3217 832 3298 ἕλολμην
843 3227 879 3277 ut
890 3219 1004 3296 μᾶλλον
1019 3214 1175 3288 addatur,
1186 3208 1271 3291 quod

170 3304 316 3362 sententia
330 3305 435 3383 utique
452 3305 596 3384 postulat,
616 3326 737 3364 necessa
752 3304 795 3362 nil
807 3312 861 3378 est,
881 3321 940 3361 usu
951 3299 1070 3378 linguae
1085 3299 1128 3356 sic
1144 3297 1268 3372 ferente,

169 3396 206 3445 ut
220 3390 389 3468 saepissime
400 3390 441 3448 ibi
455 3388 696 3449 subaudiendum
714 3389 885 3462 omittatur,
907 3385 961 3443 ubi
979 3383 1152 3462 requiritur.
1171 3400 1268 3441 amsa.

168 3471 240 3531 Noa
254 3483 331 3552 puto
352 3480 464 3552 μᾶλλον
485 3474 723 3534 subaudiendum
736 3473 850 3546 omitti,
870 3470 981 3529 nedum
994 3474 1030 3527 irt
1042 3488 1110 3527 cum
1123 3465 1271 3526 lambino·

85 3587 87 3591 v
169 3555 271 3617 dicam
286 3559 441 3618 excidisse.
484 3559 574 3619 Notio
594 3560 670 3619 enim
690 3557 779 3616 huius
800 3557 893 3636 ipsius
915 3553 1112 3633 comparativi
1127 3552 1200 3610 latet
1219 3552 1269 3609 in·

168 3641 277 3700 voluta
290 3645 384 3703 verbo
402 3644 571 3725 αἱρεῖσθαι,
595 3643 677 3723 quod
699 3643 731 3700 in
750 3641 801 3699 tali
819 3639 1041 3698 constructione
1062 3657 1121 3695 non
1137 3642 1181 3694 est
1196 3634 1268 3691 sim-

167 3726 290 3806 pliciter
308 3752 433 3803 sumere,
463 3728 515 3787 sed
545 3751 657 3787 sumere
674 3723 756 3810 quod
770 3727 964 3807 praeoptastis.
976 3720 1003 3804 ¹¹)
1047 3721 1131 3781 ldcm
1152 3719 1267 3778 dictum

166 3863 376 3883 Μ

239 3940 265 4008 *l
281 3943 318 3994 tt.
336 3942 493 4011 Stephanus
510 3943 529 3996 l.
550 3959 593 3995 c.:
613 3939 784 4010 „Repetunt
801 3939 887 3994 etiam
905 3937 1009 3990 alicubi
1032 3934 1169 4002 αἱροῦμαι
1189 3929 1266 4002 posi·

168 4016 233 4061 tntu
260 4026 325 4062 cum
351 4013 491 4080 genitivo,
515 4021 548 4064 ut
568 4012 705 4080 αἱροῦμαι
727 4010 815 4063 τοῖνδε
841 4005 966 4073 κύματα,
998 4021 1051 4073 pro
1075 3999 1185 4069 κύματα
1208 3992 1267 4070 uod

167 4080 268 4132 τῶνδε.
303 4079 351 4132 sio
374 4081 510 4148 αἱροῦμαι
533 4078 606 4149 ζωὴν
628 4075 777 4146 θανάτου,
809 4076 937 4146 praefero
968 4073 1055 4124 ritum
1079 4072 1175 4124 morti.
1210 4068 1265 4124 Sed

168 4146 293 4216 suspecti
309 4157 376 4200 stant
392 4149 440 4202 hh.
458 4150 512 4203 ll.“
545 4151 595 4202 Me
621 4149 735 4221 quidem
759 4146 826 4200 talia
843 4161 900 4197 non
925 4141 1087 4209 offendrmt,
1113 4139 1265 4210 inquibus

170 4215 290 4285 simplex
312 4219 437 4285 positum
460 4227 503 4279 est
526 4218 592 4272 loco
615 4215 768 4286 compositi
794 4210 997 4280 ἀνθαιρεῖσθαι
1015 4211 1265 4290 αιαιροαιριίοθαι.

170 4284 255 4353 Quod
273 4294 368 4339 sutem
386 4285 459 4354 dixi,
479 4284 597 4358 simplex
613 4287 739 4357 positum
762 4299 822 4337 esse
845 4282 912 4336 loco
929 4288 1092 4349 compositi,
1104 4294 1199 4349 ‚sparo
1218 4293 1265 4331 aa·
1374 4309 1377 4313 -
