2768 4724
185 225 252 294 74,
478 228 481 237 “
517 214 939 295 ΡΙΙΔΙΙΙΙΔΤΙΟῙΙΕΒ
976 230 980 239 “

366 387 800 468 nsi-EnoNYsss
812 386 1092 500 WOLFH'

186 476 506 595 onntnoensm
555 514 614 590 sn
656 528 900 591 csnmnun
941 528 1193 593 necionem
1233 532 1282 595 ιιι

191 706 195 723 2
271 620 472 695 meum
493 630 875 749 contunsionem
902 630 1192 721 insessum.

200 788 310 865 .Ειι,
328 736 456 849 candide
466 787 581 863 lector,
600 786 736 848 sltersm
733 787 880 868 promissi
869 734 1005 847 ⁸lebonis
1019 797 1150 866 partem,
1160 788 1282 869 Ulpisni

177 889 314 971 nsum
329 909 352 950 x
371 899 406 951 et
422 909 499 950 vsu
521 889 691 953 orationum
703 889 924 951 Demosthenis
921 889 1165 966 enarrationem,
1188 891 1282 952 ¹eitius

183 992 292 1087 susm,
319 1008 410 1070 quem
427 1010 494 1052 snm
512 991 680 1076 pollicitus·
708 1003 783 1072 opu·
802 993 901 1053 minus
919 991 1047 1051 fortusse
1073 989 1182 1053 lectu
1173 1004 1283 1054 sueno

183 1064 274 1172 ditm,
295 1095 351 1156 sed
360 1093 504 1157 studiosis
520 1093 773 1169 odolescentibus,
793 1104 831 1155 nt
843 1092 918 1155 milii
929 1093 1118 1174 persuadeo,
1136 1113 1200 1154 nou
1212 1093 1284 1155 inu·

181 1196 394 1293 tilefutumm.
440 1195 525 1271 Qose
540 1195 631 1257 etism
649 1215 739 1256 csuse
752 1195 828 1272 fuit,
834 1204 885 1256 nt
893 1195 1136 1273 molestissimum
1147 1197 1283 1258 laborem
1369 1264 1372 1275 ,

182 1296 265 1359 huno
287 1280 402 1378 cipere
418 1319 481 1359 non
499 1299 557 1358 sim
570 1307 728 1376 gesvstus,
751 1305 784 1358 et
802 1312 953 1357 summum
974 1296 1120 1361 devorare
1136 1299 1280 1376 leodium,

182 1399 266 1479 quod
281 1409 443 1480 qnenmm
448 1399 586 1475 fuerit,
575 1400 732 1460 sidemum
752 1397 939 1476 intelligent,
961 1401 1015 1478 qui
1035 1397 1159 1463 niendes
1172 1402 1281 1463 Grseci

182 1501 345 1577 codicis,
336 1502 505 1581 ensingulis
527 1502 591 1563 fere
605 1498 722 1581 paginis
731 1499 881 1576 infinitos,
903 1501 1129 1563 observarint.
1142 1501 1193 1563 sd
1204 1503 1281 1566 hoec

56 1589 62 1600 ’
180 1604 248 1684 ipse
261 1605 542 1665 commentariorum
559 1613 669 1663 nature
685 1611 732 1662 est
742 1602 828 1678 talis,
850 1611 887 1662 ut
903 1603 1024 1664 modice
1038 1605 1204 1685 voluptatis
1213 1606 1282 1666 ille-

179 1707 273 1767 cebre
285 1705 418 1766 laborem
432 1714 462 1765 et
476 1705 716 1783 defatigationem
726 1704 829 1764 levent
842 1704 1026 1788 interpretis,
1047 1707 1167 1769 temetsi
1179 1728 1281 1769 emen·

181 1808 328 1872 dsfissimi
341 1815 455 1881 essent,
483 1815 517 1865 et
526 1816 561 1865 ut
574 1807 720 1867 lectorem
731 1808 903 1885 requirent,
924 1805 1151 1871 difficultatibus
1170 1810 1280 1888 uliqui-

178 1910 238 1971 sus
250 1908 434 1988 intelligendi
454 1906 568 1967 sutoris
588 1907 817 1969 oon'iliotsntem.
861 1908 948 1982 Quse
967 1929 1017 1970 res
1035 1930 1100 1973 nus
1118 1911 1278 1987 imefseit,

179 2021 226 2088 nt,
249 2031 327 2091 quse
342 2031 401 2091 per.
410 2030 442 2070 se
454 2006 541 2070 utilis
552 2019 632 2084 sunt,
653 2029 716 2070 non
729 2010 821 2069 modo
837 2008 913 2069 citra
926 2011 1089 2088 fssfidinm,
1104 2013 1160 2074 sed
1172 2033 1279 2093 mogus

174 2109 270 2174 *stiam
285 2132 354 2175 cum
365 2113 509 2174 aviditate
524 2113 671 2191 legentur,
712 2110 778 2176 Etsi
792 2120 889 2171 sutem
909 2132 971 2171 non
985 2113 1107 2191 dubito,
1130 2135 1195 2176 esse
1211 2117 1281 2197 pln7

177 2217 271 2290 risus,
291 2224 358 2275 tum
369 2215 578 2294 grammatice,
601 2222 666 2272 tum
679 2212 825 2289 oratoris,
848 2233 924 2292 ques
943 2215 1096 2277 studiosus
1111 2217 1211 2279 lector
1223 2240 1280 2280 ex-

85 2341 89 2348 ·
177 2319 284 2399 plicui
298 2318 356 2377 sibi
368 2310 538 2397 diligentius
552 2324 585 2375 et
597 2313 767 2394 copiosius,
783 2325 874 2395 etque
889 2316 979 2379 etism
999 2296 1162 2380 dilucidius
1178 2330 1279 2400 optet:

175 2430 358 2481 nontamen
381 2416 540 2478 abiiciendi
559 2416 701 2478 videntur
721 2416 848 2494 iilibri,
875 2417 945 2498 qui,
981 2440 1051 2481 eum
1073 2423 1171 2484 mults
1190 2424 1278 2484 utilis

176 2521 366 2596 contiuesnt,
401 2516 549 2598 quaedem
570 2519 659 2581 etium
678 2540 900 2600 supervacanee
918 2520 1099 2600 admiscent,
1133 2525 1279 2604 quaedem

171 2623 344 2687 necessarie
361 2630 563 2704 praetereunt.
605 2621 650 2683 De
672 2622 782 2702 quibus
802 2619 1000 2685 incommodis
1022 2645 1077 2703 ego
1099 2645 1221 2704 quoque
1244 2627 1277 2685 in
1325 2628 1327 2632 ’

172 2725 257 2786 'omni
280 2724 561 2812 commentitiorum
581 2743 689 2802 genere
710 2746 829 2788 mecum
845 2727 1014 2806 saepissime
1036 2747 1159 2807 querore
1181 2737 1212 2788 et
1229 2717 1277 2788 to—

170 2850 260 2905 men,
283 2848 352 2888 eum
370 2826 489 2905 cogito,
509 2826 538 2887 si
549 2823 623 2887 mihi
634 2813 669 2888 in
681 2830 788 2891 eodem
804 2838 978 2906 argumento
993 2827 1173 2895 censendum
1186 2841 1276 2903 esset,
1351 2821 1356 2827 ’

122 2943 124 2947 ’
171 2952 224 2994 ms
245 2952 369 3013 quoqne
388 2929 626 3010 preestiwrum,
650 2931 777 3014 fortasse
794 2951 857 2991 non
871 2931 955 3011 quod
979 2932 1103 3005 vellem,
1125 2932 1178 2989 sed
1192 2933 1277 3009 qnod

84 3035 90 3043 “
172 3034 310 3116 possem,
332 3031 450 3091 venium
461 3031 517 3107 do,
540 3041 570 3092 et
592 3030 664 3092 boui
682 3032 806 3090 consulo
821 3051 872 3106 es,
892 3031 1002 3110 quibus
1015 3031 1060 3090 illi
1078 3029 1197 3090 trudere
1214 3053 1276 3093 me-
1306 3040 1309 3045 '

170 3135 254 3194 -lioru
264 3153 327 3192 non
343 3141 518 3213 potuerunt
555 3133 736 3213 Quanquam
748 3132 781 3193 in
792 3129 853 3192 hoe
866 3140 969 3193 nostro
982 3140 1155 3191 emnutore
1164 3132 1275 3195 inieris

165 3248 362 3317 temperiem,
384 3243 416 3294 et
428 3235 617 3315 qnomndsm
630 3234 796 3310 temeritas,
819 3233 918 3314 quiin
930 3232 1032 3293 alienis
1045 3234 1131 3295 libris
1144 3235 1195 3297 vel
1206 3256 1277 3298 mu-

174 3337 311 3412 tilsndis,
340 3338 564 3416 veleugeudis,
594 3339 645 3403 set
661 3360 699 3400 ex
718 3339 908 3399 diversorum
928 3334 1049 3414 seriptis
1074 3338 1167 3399 iuriis
1189 3339 1278 3421 qussi
1362 3390 1365 3397 .

174 3440 352 3501 centonibus
369 3441 533 3500 sarciendis
559 3460 677 3500 omnem
696 3438 849 3501 licentium
872 3436 930 3498 sibi
954 3448 1092 3517 sumunt,
1112 3426 1296 3505 maximnm⁴

172 3542 320 3603 usstinere
335 3541 444 3623 eulpae
453 3550 571 3622 partem
581 3540 713 3602 videtur.
755 3540 815 3602 Sed
826 3541 860 3602 in
871 3538 931 3601 hoc
950 3560 1006 3613 suo
1021 3543 1148 3623 quisque
1161 3544 1275 3605 indicio

166 3646 302 3706 fiuntur.
345 3645 393 3704 Me
406 3646 529 3725 quidem
540 3644 703 3725 Ulpianum
724 3642 832 3731 legisse
845 3666 908 3706 non
920 3645 1071 3726 poenituit
1090 3632 1227 3728 propter,
1242 3654 1274 3704 et

174 3744 314 3807 historiae
326 3749 486 3809 nonnullus
500 3748 648 3808 indicetis
657 3786 673 3821 ,-
687 3756 718 3807 et
729 3747 878 3809 vocabule
892 3749 1043 3829 exposite,
1070 3757 1100 3808 et
1113 3745 1273 3809 nulnum

172 3849 275 3908 multis
292 3849 323 3908 in
335 3851 411 3909 locis
426 3851 562 3926 erudite,
583 3849 642 3908 uisi
660 3849 763 3926 fallor,
786 3850 980 3931 explicatum.
1025 3851 1058 3909 ln
1069 3848 1273 3908 convertendo

173 3951 295 4029 quidem
317 3966 439 4030 magnos
460 3952 579 4012 labores
602 3963 630 4013 et
651 3974 713 4014 non
734 3973 843 4033 pervus
863 3939 1016 4010 ¹molestias
1040 3966 1108 4009 eum
1130 3951 1272 4029 ceperim,
1309 3988 1312 3993 ·

168 4054 273 4113 nescio
288 4064 414 4130 tamen„
425 4076 464 4114 nn
482 4054 605 4115 fecesim
628 4072 736 4136 operes
752 4054 894 4134 pretinm:
916 4075 978 4112 ιιοιι
992 4052 1074 4133 qnod
1094 4050 1176 4132 ipsos
1190 4072 1274 4110 com-

172 4157 332 4216 mentarios
350 4157 552 4237 aspernandos
566 4157 673 4217 ducem
689 4152 741 4238 (de
755 4154 865 4234 quiisns
877 4155 950 4235 qnid
966 4155 1099 4228 sentium,
1122 4154 1274 4234 exposui),

174 4256 226 4319 sed
248 4257 330 4338 quod
349 4259 379 4318 in
400 4259 438 4319 iis
450 4268 533 4322 santa
547 4267 592 4320 est
613 4258 776 4321 difficultis
788 4255 964 4341 interpreti,
984 4267 1022 4318 ut
1034 4255 1178 4339 superari
1190 4255 1274 4315 nullo
1365 4252 1368 4258 ’
