2768 4724
134 220 176 293 aa
281 282 286 297 .
446 192 914 289 ·'t’tat.t21³st310tltts·

20 388 23 393 '
138 408 237 473 panca
258 347 380 469 qtiidem
401 378 503 469 sunt),
520 412 584 452 non
608 400 655 453 est
674 390 711 452 alt
735 389 855 454 homine
873 360 1099 475 postulindum.
1146 393 1228 454 lllud

137 509 222 568 vero,
243 495 285 552 ml
299 494 454 574 Episcopi,
473 504 504 555 et
523 493 689 573 optendunt
711 504 764 570 est,
788 505 818 555 et
837 514 931 575 opera
951 514 1008 576 pro
1020 495 1104 555 virili
1116 495 1228 573 danda,

27 588 33 599 '
138 613 177 652 ne
196 606 304 674 operae
319 604 398 670 tuae,
421 614 497 674 quae
509 602 575 654 'not
589 604 674 657 tanto
691 594 795 657 labore
809 597 1039 673 emendavimus,
1060 618 1118 678 per
1131 598 1234 657 insa-s

138 696 213 755 tis'm
237 707 268 757 et
286 696 431 757 incuriam
454 696 552 757 denuo
567 707 767 777 corrumpant
781 708 811 758 st
824 699 999 780 depravent.
1023 762 1027 767 ,
1042 699 1133 774 Quod
1151 698 1232 760 absit
1319 734 1321 739 >

138 807 174 858 ut
193 798 246 858 liat
277 819 345 859 cum
364 798 522 876 utriusque
542 792 679 858 noenum
703 800 810 860 iniuria
834 810 926 881 atque
949 802 1071 863 infame
1099 798 1130 863 et
1150 802 1231 862 iusta

38 883 42 899 ¹
139 899 344 981 inscriptionis
368 898 581 960 criminatione.
631 901 734 980 Neque
752 920 831 962 vero·
847 903 919 980 fiat,
937 914 970 964 te
989 904 1148 982 vigilante,
1177 901 1232 964 ecl

75 984 78 996 ¹
138 1001 386 1077 ἐπισκοποῦντας,
408 1011 443 1061 ut
460 1003 553 1077 soles,
578 1005 629 1081 qui
653 1004 754 1063 ntstltie
778 1005 901 1083 egregiis
918 994 1125 1066 columinibus
1144 1004 1233 1066 editis

137 1102 226 1162 iidem
250 1114 331 1164 tuem
355 1112 445 1181 atque
468 1103 645 1163 industriam
659 1105 797 1164 omnibus
812 1106 1159 1169 candide'iudicantibus
1175 1126 1234 1186 sp·
1323 1164 1326 1169 .

136 1205 282 1284 probasti.
330 1205 412 1266 Vale.
457 1205 607 1282 Augustae
624 1204 848 1267 vindelicorum
864 1209 984 1268 lllilll.¹
997 1206 1140 1289 Augusti,
1169 1223 1231 1286 quo

138 1306 188 1365 die
202 1305 429 1398 typographicis
440 1308 653 1387 scriptionibus
667 1310 822 1385 confectis,
845 1330 921 1369 onus
933 1311 1029 1371 Aetna
1041 1310 1162 1389 gravius
1176 1328 1233 1367 ex-

138 1406 266 1467 mssissa
278 1417 318 1468 'at
339 1426 356 1468 e
376 1406 457 1468 darre
478 1409 624 1469 servitute
633 1428 743 1470 aureae
759 1429 976 1475 ursanum
995 1412 1153 1475 restitutus
1167 1427 1231 1468 esse

137 1506 210 1567 mihi
223 1507 348 1586 videor,
368 1509 438 1579 anni
452 1528 487 1569 st.
497 1528 528 1575 n.
541 1528 616 1572 un.
1083 1516 1087 1522 ’

307 1854 359 1904 sn
377 1838 612 1902 asonrrrcnn
631 1851 680 1902 nr
695 1822 920 1921 cancrosus
936 1828 1057 1907 i'rmme‘

174 1958 223 2033 D.
244 1959 524 2065 lotNNEM
549 1956 829 2067 IVACOBUM,
856 1960 1191 2051 FUGGERUM

134 2079 497 2162 mnonnsncss,
516 2085 857 2159 ntssssnonnt
879 2088 937 2147 aa
957 2080 1233 2167 autentus-

136 2181 235 2243 nuu
255 2183 492 2263 contenet,
515 2186 791 2255 caussasse
814 2188 872 2259 ar
892 2185 1070 2267 nectes
1091 2182 1233 2257 tosta-

137 2281 280 2349 srsrt
304 2285 331 2347 s
357 2286 602 2363 consitus
621 2288 952 2365 arc.1n,oen10‚
973 2285 1232 2363 uocantur,

138 2382 347 2447 vtarurs
381 2386 769 2475 onnsrrssmnn,
797 2389 1077 2457 snsnonrnt
1102 2388 1234 2448 wot-

220 2485 286 2549 ΒΗ
312 2488 361 2567 tn
384 2488 766 2570 nanostusunu,
794 2488 1013 2577 statuunt
1038 2488 1066 2551 s
1096 2489 1149 2549 sa

418 2590 632 2670 esctun,
654 2590 945 2665 intersito·
1075 2654 1079 2663 .

147 2760 151 2769 '
223 2740 366 2823 Quoties,
388 2744 512 2807 loannes
527 2745 635 2807 Iacobo
649 2744 799 2835 Fuggore,
821 2746 903 2806 vitae
919 2758 1002 2804 meae
1018 2743 1116 2820 cogito
1134 2738 1235 2798 studi-

140 2860 287 2927 orumque
301 2846 465 2927 rationem,
487 2848 549 2910 fato
564 2847 697 2929 quodam
714 2847 783 2930 rapi
800 2845 874 2906 milti
890 2847 996 2907 videor
1013 2843 1127 2905 adhoc
1145 2842 1245 2900 litte-t

37 2988 41 2996 ·
138 2970 239 3010 rarum
264 2968 372 3030 genus,
392 2949 426 3010 in
445 2950 504 3030 duo
518 2949 710 3010 multaciam
731 2968 840 3022 annos,
862 2949 964 3007 nescio
987 2966 1076 3024 quam
1096 2943 1234 3013 feliciter,

138 3050 243 3112 sedulo
273 3051 393 3133 quidem
423 3059 504 3112 carte
529 3039 637 3111 emtor
665 3066 701 3110 ae
730 3050 897 3126 diligenter.
947 3048 1022 3111 Cum
1053 3043 1130 3102 enim
1159 3060 1236 3119 pue-

139 3152 292 3217 rumolim
307 3152 390 3213 nulla
406 3150 542 3214 discendi
562 3151 705 3226 occano,
724 3150 826 3209 nullae
842 3156 1001 3228 parentum
1022 3155 1052 3204 et
1070 3144 1235 3203 amicorum

142 3252 363 3315 cohortationes
378 3254 557 3329 invitarent,
578 3252 633 3312 esd
646 3248 748 3333 potius
763 3248 885 3329 plurimi
903 3242 1107 3321 deterrerent,
1128 3254 1235 3303 natura

139 3364 237 3416 tamen
249 3352 380 3417 itamssri
393 3356 451 3416 suit
460 3346 566 3416 insitus
582 3362 613 3413 et
630 3351 741 3411 infixus
753 3350 937 3410 incredibilis
954 3350 1075 3429 quidam
1099 3348 1237 3406 Graeca·
1293 3392 1296 3396 .

140 3453 209 3519 aum
224 3457 395 3519 litterarum
406 3467 437 3519 et
453 3475 579 3540 poeseos
594 3471 693 3529 amor,
715 3461 751 3512 ut
766 3453 799 3510 lh
816 3452 929 3528 magnis
948 3458 986 3507 et·
997 3451 1059 3510 lere
1080 3447 1236 3530 perpetuis

140 3578 209 3620 num
234 3558 378 3622 fortunae
412 3568 477 3620 tum
508 3554 690 3620 valetudinis
714 3551 911 3613 incommodis
947 3562 1101 3632 nunquam
1132 3549 1238 3607 hacte-

141 3680 234 3720 nusa
262 3661 354 3721 semel
373 3656 509 3721 instituto
529 3656 699 3719 studiorum
728 3646 819 3714 cursu
840 3655 991 3734 potuerim
1015 3648 1086 3713 ullis
1113 3648 1238 3711 rationi-

143 3764 200 3821 bus
213 3762 368 3824 dimoveri.
412 3760 512 3835 Quam
523 3761 692 3843 prudenter
705 3757 738 3816 in
752 3775 793 3816 eo
806 3756 946 3834 fecerim,
973 3739 1036 3815 non
1057 3754 1144 3815 dico:
1165 3760 1195 3808 et
1213 3748 1237 3806 si

142 3864 217 3943 quid
232 3874 389 3945 peccatum
403 3871 465 3938 eet,
488 3862 558 3921 satis
575 3876 679 3940 graves
696 3859 805 3919 errotis
826 3856 884 3916 mai
903 3877 1015 3937 poenas
1036 3857 1094 3928 do,
1125 3851 1178 3929 qui
1201 3870 1238 3907 ex

132 3965 287 4035 ,adunatis
301 3960 407 4025 litteris
426 3961 504 4022 nihil
521 3962 584 4023 lere
601 3960 726 4042 praemii
752 3969 873 4040 practer
895 3959 1014 4019 labores
1035 3962 1067 4016 et
1085 3951 1237 4010 molestias
1261 4002 1265 4009 .

143 4069 217 4144 lero,
233 4078 330 4147 neque
344 4062 440 4123 ullum
453 4062 608 4143 prospicio
624 4072 757 4145 portum,
778 4062 810 4120 i'n
829 4080 889 4139 quo
907 4070 978 4140 post
1002 4059 1158 4116 diuturnas
1174 4054 1239 4111 vel-

143 4170 186 4230 uti
204 4174 414 4248 tempestatum
438 4164 614 4224 iactationea
628 4163 750 4223 tandem
767 4160 930 4221 consistere
942 4162 1048 4235 liceat,
1072 4178 1140 4218 etun
1159 4155 1241 4212 hac-

144 4280 231 4331 tenus
251 4266 372 4346 quitlern
400 4266 437 4326 ab
459 4266 518 4326 elio
541 4264 735 4347 exilio'(quitl
756 4262 835 4324 enim
856 4260 941 4324 aliud
959 4262 1075 4337 dicam,
1103 4256 1159 4319 etsi
1178 4272 1240 4313 non
