2768 4724
295 325 300 337 ἱ
423 238 881 308 antnnorsttotttta
1000 308 1003 313 ,
1140 249 1283 333 105,-

104 431 210 475 urum
221 409 368 474 maiorem
381 410 573 488 industriam,
593 421 625 474 st
640 412 672 474 in
684 413 865 475 uhioendis
879 411 965 474 nodis
980 411 1203 495 chronologicis

104 509 197 578 atque
220 497 417 578 genealogicis
435 497 605 573 solertiam,
641 496 732 578 quam
755 500 788 559 ia
806 498 1020 579 perspiciendis
1047 501 1205 562 sententiis

104 582 243 644 obasmris
275 593 329 644 aut
354 582 677 663 meadisoorrigsndis
704 583 896 662 sagacitatem
918 592 1007 663 atque
1027 583 1205 648 felicitatem
1292 660 1294 665 Ι

105 666 303 748 approbasse·
340 670 558 748 Saepmumero
574 688 593 727 a
607 669 760 729 sententiis
775 666 904 727 oratoris
917 666 961 727 ita
972 667 1032 730 late
1042 669 1204 747 aberravit,

103 762 142 811 at
154 761 287 825 constet,
310 773 380 813 eum
397 772 466 812 oum
489 773 506 812 e
520 751 693 813 coniectura
706 752 848 827 vertisse,
856 761 926 811 tum
940 771 1044 829 graece
1056 757 1204 817 nescisse:
1281 770 1284 775 '

104 834 197 896 homo
213 836 345 915 Tayloro
364 837 398 896 in
417 836 576 896 sedulitate
596 841 724 897 oratoris
741 836 902 896 historicos
925 845 956 895 et
977 833 1203 918 chronologicos

104 920 250 1000 scopulos
275 921 401 981 tollendi
427 917 613 997 simillimus,
638 922 798 1002 areliquis
818 921 882 982 eius
900 919 1000 996 vitiis,
1030 922 1152 1002 putidae
1173 932 1204 984 et

85 1005 286 1083 'caliginosae
307 1006 448 1066 dictionis
466 1006 672 1082 affectatione,
692 1002 826 1066 vanitate
847 1014 878 1065 et
896 1007 1068 1084 arrogantia
1083 1003 1206 1067 schola·

107 1090 199 1164 stica,
227 1098 341 1150 venatu
359 1100 391 1151 et
405 1091 564 1152 venditata
587 1091 789 1152 adnutimum
806 1090 900 1167 liber,
934 1088 1094 1151 humanior
1114 1099 1207 1170 atque

106 1172 275 1251 liberalior,
296 1182 332 1234 ut
344 1175 493 1235 Francam
513 1174 647 1235 decebat.
689 1176 790 1256 Opera
806 1174 870 1236 eius
882 1175 915 1233 in
931 1171 978 1234 his
991 1176 1102 1235 noenia
1115 1176 1206 1236 terris

104 1258 231 1318 inventu
249 1258 403 1319 rarissime
424 1258 512 1318 multi
530 1268 677 1320 emtarum
691 1260 750 1321 mei
769 1259 885 1339 operis,
907 1254 1022 1339 dequo
1040 1259 1207 1321 certissime
1271 1262 1278 1271 '

23 1340 27 1347 ’
105 1341 182 1403 mihi
202 1352 339 1418 constat,
374 1363 504 1403 summes
525 1342 598 1402 mihi
618 1345 729 1422 gratim
749 1342 883 1403 habituri
904 1353 1020 1414 essent,
1055 1345 1081 1404 si
1100 1344 1207 1407 liceret

106 1426 189 1508 ipsis·
200 1447 258 1506 par
275 1448 324 1489 ms
336 1429 527 1488 Touralliana
543 1426 602 1487 boc
614 1429 646 1488 ia
657 1430 810 1489 volumine
827 1428 946 1506 legere,
967 1447 1096 1507 qaorum
1109 1437 1205 1489 emto-

106 1531 175 1571 rum
195 1511 276 1573 boue
299 1533 372 1592 pars
392 1510 486 1592 me'gis
506 1511 941 1595 annotationibusuhistoricis,
973 1532 1063 1590 quam
1090 1512 1206 1574 criticis

108 1595 242 1657 ducitur.
282 1597 323 1657 Et
338 1598 418 1657 solas
430 1597 566 1658 Tourelli
585 1598 791 1658 mactationes
811 1617 880 1657 cum
894 1597 1075 1672 mmmmia,
1095 1598 1206 1676 cuique

108 1680 239 1740 orationi
259 1681 446 1762 praemissis,
481 1680 546 1740 sine
562 1681 694 1742 francica
715 1681 886 1742 orationum
903 1680 1059 1757 vjersioae,
1087 1680 1114 1740 al
1137 1680 1206 1741 edi-

79 1819 82 1823 .
109 1765 239 1842 diesem,
259 1763 293 1826 id
304 1767 388 1846 qnod
401 1767 461 1826 iem
476 1767 618 1847 parabam
632 1768 747 1842 lacere,
767 1765 910 1828 videatur
922 1765 992 1825 illae
1005 1785 1114 1844 parurn
1126 1765 1208 1825 ultra

109 1848 305 1930 alphabetum
322 1850 500 1935 impleturae
515 1851 617 1910 luisse.
653 1852 781 1929 Verum,
806 1871 842 1912 re
855 1848 1027 1928 diligentins
1046 1849 1208 1930 pensitata,
1241 1892 1246 1901 .
1284 1908 1288 1918 ,

97 1935 208 2009 ,visum
229 1932 277 1995 est
296 1935 333 1993 ab
355 1934 415 1995 hae
435 1933 593 2015 proposito
609 1934 766 2009 desistere,
786 1955 923 1996 nemeae
935 1933 1096 2014 materiae,
1119 1933 1208 1994 cuius

109 2028 429 2099 tantumtappeteret,
451 2020 483 2079 in
495 2028 577 2080 tenta
599 2018 937 2101 spatiomrmeanguatia,
960 2038 1049 2098 quam
1061 2019 1208 2079 Wolliaas

112 2113 202 2182 atqua
213 2104 384 2183 Taylorana
394 2102 467 2164 mihi
478 2104 624 2184 reliquam
636 2107 789 2178 iecerunt,
809 2104 910 2163 locum
930 2122 1054 2182 prorsus
1067 2104 1209 2183 praeclu-

114 2187 223 2250 derent
249 2188 363 2249 Deinde
375 2210 490 2264 noram,
501 2188 561 2266 iam
576 2190 690 2250 dudum
700 2184 1057 2269 permultoa'd'esiderium
1073 2207 1209 2257 mearum

31 2292 34 2297 ·
111 2272 339 2359 mutationum
358 2273 518 2352 aegerrime
545 2274 642 2351 ferre,
676 2295 753 2355 quos
771 2272 886 2335 diutius
911 2271 1097 2351 suspendere
1122 2273 1210 2333 nolas

110 2357 225 2418 suisset
250 2358 346 2418 Porro
365 2379 487 2434 noram,
513 2357 647 2420 homines
669 2359 765 2440 copiis
786 2355 917 2418 librariis
938 2356 1094 2417 affluentes
1113 2357 1209 2435 queri,
1247 2416 1250 2423 Δ

112 2443 138 2500 si
153 2451 299 2521 cogantur
313 2443 418 2503 eedem
430 2461 536 2509 rursus
551 2464 663 2519 emere,
686 2465 762 2524 qnae
775 2442 843 2502 'iem
855 2440 969 2518 dudum
987 2441 1020 2500 in
1033 2440 1141 2512 forulis
1152 2440 1210 2502 ha·-

111 2525 201 2602 bent,
223 2527 331 2587 divites
347 2549 455 2609 nompe
473 2527 518 2586 illi
540 2538 630 2607 atque
650 2529 746 2604 beati,
768 2527 806 2589 de
822 2528 949 2586 eliorum
961 2526 1086 2606 penurie
1100 2527 1208 2588 securi.

110 2613 189 2688 Tum
202 2612 337 2672 Toutelli
350 2612 716 2692 quicquam·redditurum
731 2632 879 2691 nusquam
900 2631 1082 2691 receperam.
1125 2611 1210 2671 Alias

111 2695 181 2776 pari
198 2697 264 2756 iure
287 2698 376 2756 etiam
398 2697 556 2757 Luchcsini
576 2699 836 2758 commentationes
859 2697 986 2756 fuissent
1008 2694 1210 2771 recudendee,

113 2801 192 2858 quae
202 2782 399 2840 'lourellianis
414 2781 457 2842 nil
470 2782 596 2856 cedunt,
618 2794 647 2844 et
659 2783 780 2854 nescio,
803 2801 842 2839 an
855 2778 1074 2858 quodammodo
1089 2798 1212 2856 quoque

113 2865 327 2944 praeferendae
356 2867 431 2942 sint,
466 2865 620 2944 nihiloque
646 2865 812 2924 crebriores
838 2864 963 2921 inventu
991 2859 1039 2916 hia
1065 2860 1098 2915 in
1123 2862 1211 2919 terris
1274 2896 1284 2929 χ

111 2960 195 3009 amet
239 2951 451 3009 Praevidebam
467 2969 602 3029 quoque,
625 2969 686 3008 non
694 2968 783 3027 posse
796 2945 877 3021 lieri,
897 2942 1056 3022 quominus
1071 2954 1214 3021 coeptum

112 3034 175 3094 hoc
192 3054 291 3095 meum
318 3035 496 3095 deteriorem
516 3035 549 3092 in
571 3039 688 3114 partem
708 3034 860 3111 acciperet
869 3026 1049 3088 Athanasius
1064 3026 1214 3104 Augerus,

114 3119 152 3179 V.
168 3121 200 3178 C.
215 3121 372 3179 Professor
391 3118 576 3199 eloquentiae
593 3119 704 3197 Regius
722 3118 755 3177 in
776 3115 907 3192 collegio
926 3110 1173 3190 Rothomegcnsi,
1196 3133 1216 3174 a

114 3224 177 3283 quo
196 3203 283 3263 brevi
301 3213 372 3282 post
391 3202 620 3264 Demosthenem
640 3205 812 3263 universum
839 3198 971 3263 francica
1004 3198 1156 3258 redditum
1184 3207 1217 3259 et

112 3288 257 3347 historice
284 3289 446 3368 critioeque
478 3289 676 3347 illuminatum
703 3294 923 3367 exspectemus:
967 3282 1018 3341 cui
1048 3292 1085 3342 ut
1115 3293 1215 3344 totum

113 3375 141 3431 T
143 3373 375 3432 corellianarum
393 3374 588 3453 reliquiarum
611 3373 767 3432 arbitrium
782 3371 898 3430 salvum
916 3377 947 3428 et
961 3367 1106 3427 intectum
1121 3369 1215 3428 relin-

117 3477 256 3535 querem,
278 3458 326 3516 ius
350 3467 379 3517 et
398 3459 444 3517 fes
468 3459 648 3537 postulabat.
692 3457 751 3515 Sed
765 3456 804 3514 ed
817 3455 862 3514 rei
881 3461 973 3532 ceput
988 3453 1109 3512 tandem
1122 3453 1216 3512 deve·

118 3541 181 3600 nio.
220 3526 376 3620 Reliqhiee
397 3541 455 3602 hae
468 3543 676 3602 Tourellianae
697 3563 736 3600 ne
751 3540 858 3617 dignae
877 3538 996 3616 quidem
1016 3547 1086 3596 eunt
1097 3537 1215 3597 recudi.

117 3630 238 3686 Scenae
258 3627 381 3701 scoriis,
402 3648 477 3707 ques
494 3628 620 3706 eliquari
640 3648 698 3707 par·
718 3624 838 3685 luisset:
861 3643 938 3701 quae
961 3643 1010 3681 res
1032 3643 1129 3700 neque
1150 3620 1215 3692 otii,

117 3731 216 3789 neque
231 3708 378 3770 stomachi
392 3713 449 3771 mei
465 3721 518 3771 est
561 3711 621 3769 vix
634 3712 721 3771 tertie
735 3730 835 3768 cerum
848 3729 920 3786 pers
936 3705 976 3766 ed
988 3704 1217 3765 Demosthenem

117 3794 240 3875 proprie
263 3797 424 3874 quicquam
448 3797 534 3856 lecit:
557 3796 672 3873 reliqua
700 3794 905 3867 miscellanea,
937 3791 1087 3863 trivialia,
1114 3785 1217 3847 nescio

120 3901 211 3958 quam
228 3901 319 3954 rere,
343 3881 521 3954 cMorerio,
542 3881 743 3955 Daudrendo,
773 3877 916 3937 sirnilibus
935 3872 1127 3955 promtuariis
1150 3891 1219 3930 corb

119 3987 197 4038 rasa,
210 3975 240 4024 et
252 3965 346 4024 veluti
362 3966 461 4045 scopis
476 3985 629 4025 converse.
655 3969 841 4043 Quamquam
854 3961 915 4020 hoc
929 3957 1124 4034 edlinvidiem
1136 3956 1218 4014 bono

118 4051 189 4109 siro
210 4050 375 4110 faciendam
397 4051 510 4110 dictum
530 4051 641 4124 nolim,
663 4051 762 4125 aione,
783 4068 830 4107 me
848 4046 907 4106 hoc
927 4063 989 4104 non
1005 4041 1156 4119 explorata
1172 4061 1218 4111 re,

119 4154 220 4214 nequo
245 4134 328 4194 certa
353 4136 478 4195 scientia
501 4135 656 4210 fidentem,
695 4135 748 4193 sed
772 4153 854 4193 mere
877 4127 1025 4210 probabili
1050 4127 1221 4207 suspicione

121 4221 249 4279 ductum
272 4219 382 4281 dicere.
424 4221 596 4299 inquirant,
625 4239 755 4300 quorum
779 4216 903 4279 intereat
924 4212 982 4275 hac
1000 4213 1032 4275 iu
1056 4233 1090 4276 re
1109 4219 1220 4274 certam

120 4305 283 4369 veritatem
301 4303 538 4387 deprehendere.
