2768 4724
62 158 65 163 ⁵
178 155 221 273 se
348 302 349 307 Ν
517 201 931 275 nassamones

180 374 236 434 alia
257 374 390 437 conditio
404 381 472 439 suit.
516 378 590 438 Nem
603 377 636 437 iu
651 396 686 438 eo
698 376 903 438 commendo
915 376 1026 438 meiere
1042 387 1073 437 et
1082 379 1227 458 religione
1238 392 1269 442 et

179 477 343 539 verborum
364 479 543 560 parsimonia
563 498 644 539 mem
662 499 743 557 usus,
765 491 796 540 ct
807 478 931 557 vestigia
944 478 1186 540 Desnosthenicae
1200 502 1270 542 ora-

180 579 270 659 tionis
299 564 377 661 pene
404 582 609 662 superstitiose
630 590 816 658 persecutus.
875 579 976 653 Quare
997 581 1108 640 lectum
1128 580 1200 656 tuit,
1236 590 1272 642 ut

181 680 291 740 alicubi
317 683 409 744 latina
433 685 532 744 oratic
559 681 650 761 paulo
681 679 778 740 minus
798 680 990 742 obscuritatis
1013 683 1154 757 haberet,
1182 702 1272 761 quam

66 838 68 843 .
182 782 306 858 Graeca,
323 785 353 843 in
369 805 428 864 qua
442 787 492 865 rel
503 781 658 847 Plutarchi
676 791 707 841 ct
727 782 863 860 Dionysii
881 784 1052 843 testimonio
1072 803 1187 842 smnms
1207 803 1272 844 esse

182 877 317 945 creditur
334 885 517 963 intelligendi
546 903 668 965 quoquc
690 882 861 944 difficultas.
910 882 1109 945 Accesserant
1127 895 1157 944 et
1176 895 1276 947 enata

183 985 410 1067 typographica,
433 988 576 1068 opinione
599 1004 665 1045 mes
686 1005 755 1044 sane
776 995 806 1044 et
827 987 918 1064 plura
936 987 1123 1066 etgraviora.
1165 972 1277 1048 Parum

182 1088 272 1164 enim,
293 1090 329 1148 ut
346 1089 459 1168 reipsa
474 1089 658 1149 declaratum
674 1094 729 1160 eet,
751 1085 800 1144 vcl
815 1085 942 1167 Oporini
960 1108 1041 1166 cure,
1062 1090 1113 1150 vel
1128 1109 1276 1169 praesen-

183 1189 226 1250 tia
244 1210 310 1250 mea
331 1189 428 1250 veluit
450 1200 555 1250 contra
581 1178 787 1268 operariorum
811 1188 1021 1268 negligentiam
1045 1200 1077 1250 et
1095 1191 1277 1271 importuni-

183 1299 291 1353 tatem:
320 1311 490 1371 quanquam
513 1289 546 1348 in
572 1289 676 1368 scripti
696 1288 874 1368 exemplaria
894 1292 1149 1370 perturbationem
1170 1294 1277 1373 culpae

102 1456 105 1461 ⁴
186 1392 287 1472 aliqua
304 1388 375 1472 pars
401 1391 533 1451 conferri
554 1400 679 1471 potest-
706 1393 814 1448 Sumus
835 1393 913 1451 enim
931 1392 990 1473 ipsi
1003 1395 1081 1455 male
1095 1394 1277 1472 confuseque

57 1508 62 1526 “
185 1493 360 1569 scribendo,
387 1505 418 1554 et
441 1492 644 1573 expungendis
669 1500 758 1569 atque
777 1490 944 1552 inserendis
968 1495 1061 1555 variis
1084 1495 1276 1569 emblematis,
1344 1496 1348 1505 “

184 1596 217 1656 lu
236 1616 344 1672 cause,
367 1594 434 1676 (sed
453 1594 634 1674 ignoscimus
653 1591 715 1672 ipsi
735 1588 833 1672 nobis)
853 1602 889 1652 ut
907 1593 978 1655 libri
999 1599 1096 1656 nostri
1117 1596 1278 1678 aliquando

162 1676 248 1758 ¹nen
270 1698 380 1778 optime
401 1696 617 1757 describantur.
659 1693 732 1755 Nam
753 1692 897 1772 Oporino,
920 1698 1005 1777 euius
1023 1699 1184 1761 domestica
1205 1718 1280 1757 con-

187 1800 343 1859 suetudine
364 1818 478 1859 mcnses
501 1796 669 1875 complures
693 1814 758 1854 sum
780 1814 863 1870 usus,
884 1799 967 1856 testis
989 1819 1053 1859 esse
1065 1818 1197 1878 possum,
1219 1817 1279 1876 qua

187 1899 375 1960 solicitudine
400 1900 514 1981 scripta
532 1897 697 1976 archetypa
711 1898 799 1974 legat,
821 1896 995 1976 distinguat,
1018 1899 1153 1974 adornet,
1175 1919 1279 1960 emen-

188 2002 255 2078 det,
290 2009 449 2080 antequam
479 2000 673 2062 excudentur.
722 1999 779 2057 Eas
802 1999 894 2078 igitur
920 1999 978 2059 bae
1004 1998 1132 2060 editione
1156 2000 1279 2070 mendas

163 2181 171 2191 ῃ
189 2120 290 2162 ornnes
306 2104 427 2163 sustuli:
450 2123 485 2164 ac
499 2098 625 2189 similem
645 2099 842 2160 calamitatem
862 2119 950 2175 nunc,
974 2121 1042 2162 cum
1054 2103 1156 2182 priore
1169 2113 1280 2165 conatu

189 2204 275 2283 quasi
296 2203 405 2283 glacies
425 2204 521 2264 fracte
544 2215 573 2264 et
596 2204 644 2263 via
662 2201 813 2283 patefacta¹
838 2211 904 2278 est,
921 2200 1023 2262 'vitari
1043 2225 1132 2284 posse
1152 2204 1279 2264 conlido.

188 2307 288 2368 Prima
302 2307 395 2386 igitur
412 2304 488 2364 hoec
509 2301 678 2379 erit'huius
703 2299 839 2362 editionis
857 2303 979 2379 utilitas,
1002 2315 1032 2364 ct
1051 2307 1281 2387 quasi'praero·

189 2408 302 2484 gativa:
324 2415 533 2486 praeterquam
555 2406 644 2496 qued
657 2406 732 2464 haec
752 2394 908 2463 enchiridii
929 2406 1026 2467 forma
1040 2409 1204 2481 rationibus
1217 2419 1283 2467 stu-

65 2564 75 2587 d
190 2507 353 2584 diocorum,
374 2526 540 2588 pauperum
559 2505 590 2565 in
611 2508 725 2587 prinus,
747 2508 1007 2570 accommodatior·
1024 2521 1136 2572 estz'ct
1155 2532 1171 2568 a
1193 2511 1282 2570 locu·

189 2608 367 2691 pletioribus
389 2627 496 2687 magno
515 2608 676 2684 volumini,
707 2606 788 2686 quod
808 2617 838 2666 et
859 2611 1076 2671 commentariis
1098 2622 1129 2671 et
1154 2611 1281 2671 aliorum

190 2709 486 2791 interpretationibus
519 2721 565 2780 est
587 2709 786 2788 locupletius,
825 2708 913 2767 facile
940 2711 1002 2768 sine
1031 2710 1208 2775 detrimento
1236 2713 1282 2772 rci

190 2799 343 2873 familiaris
365 2811 552 2891 adiungetur.
601 2810 714 2871 Deinde
741 2810 767 2869 si
787 2827 846 2888 qua
863 2810 918 2868 ¹uel
941 2810 1097 2874 obscurius
1119 2814 1292 2893 explicata,-

190 2916 240 2976 vel
254 2915 389 2996 asperius
405 2912 552 2973 collocata
568 2912 758 2988 videbantur,
779 2906 824 2991 (id
842 2909 924 2989 quod
935 2912 968 2970 in
982 2912 1145 2974 imitatione
1158 2935 1282 2992 pascae

192 3015 370 3077 elocutionis
394 3035 464 3074 raro
485 3011 637 3092 effugitur)
658 3031 692 3072 ea
712 3013 857 3093 planiora,
880 3022 915 3070 ut
931 3010 1038 3092 'spero,'
1055 3024 1084 3073 et
1101 3017 1283 3076 dilucidiora
1364 3081 1368 3088 ‚

193 3118 359 3178 effecimus:
381 3125 425 3191 ut,
452 3121 573 3194 quanto·
587 3113 683 3192 ipsius
705 3113 817 3173 autoris
840 3113 938 3172 oratic
965 3115 1072 3174 melior
1094 3126 1124 3176 et
1147 3123 1283 3180 ornatior

193 3230 248 3296 cst,
269 3229 353 3279 tante
368 3226 471 3278 nostre
484 3215 554 3295 plus
568 3222 598 3273 et
609 3215 687 3272 lucis
700 3222 730 3272 et
740 3212 889 3273 facilitatis
902 3211 1012 3274 babere
1024 3216 1169 3280 videatur.
1207 3202 1284 3282 sunt

194 3323 281 3382 etism
304 3321 452 3400 explicate
475 3313 620 3375 nonnulla
640 3311 688 3396 (ut
704 3315 767 3373 dios
789 3312 869 3372 diem
889 3311 1002 3396 docet),
1018 3338 1093 3397 ques
1109 3323 1196 3382 nobis
1215 3334 1284 3384 ante

194 3423 390 3484 dubitationis
409 3416 522 3498 aliquid
545 3417 711 3477 attulerant.
736 3423 764 3474 et
784 3414 889 3474 relicta
909 3426 1007 3479 tamen
1027 3417 1164 3502 (nequid
1180 3422 1285 3485 verum

194 3524 391 3599 dissimulem)
405 3520 469 3580 sive
485 3517 657 3599 depravate,
680 3518 742 3577 sive
754 3516 866 3594 alioqui
878 3538 934 3598 por
947 3540 978 3579 se
994 3521 1121 3583 obscura
1131 3527 1283 3601 nonnulla,

195 3648 285 3723 qum⁶
307 3623 392 3684 nulle
424 3620 658 3698 investigationis
695 3618 846 3698 diligentia
875 3621 1034 3711 restituere
1068 3643 1103 3684 sc
1131 3625 1284 3685 declarare

194 3724 290 3810 potui.
334 3720 425 3799 Quod
446 3729 481 3779 ut
505 3740 558 3800 ego
573 3726 701 3800 ingenue
716 3719 868 3796 confiteor,
889 3721 932 3780 ita
945 3721 1019 3782 mihi
1032 3725 1158 3785 candide
1170 3726 1286 3803 ignosci

193 3831 298 3892 velim:
319 3824 370 3887 vel
391 3822 449 3880 hec
471 3820 510 3881 de
534 3843 633 3899 causa,
656 3824 737 3903 quod
760 3843 811 3883 cos
834 3822 930 3882 nodos
953 3823 1001 3904 (ut
1022 3824 1164 3887 Horatius
1181 3824 1291 3908 vocat),

195 3931 300 4010 dignos
315 3947 378 3991 esse
389 3927 520 4004 vindice,
542 3926 640 4005 quivis
660 3923 742 3986 haud
757 3925 846 3985 dubie
860 3925 978 4004 peritus
996 3926 1151 4006 utriusque
1167 3928 1287 4010 linguae

194 4030 355 4109 intelliget:
375 4050 490 4109 nosque
506 4039 569 4087 tum
582 4026 785 4087 haesitationis
801 4025 996 4101 occasionem,
1017 4035 1081 4085 turn
1092 4029 1286 4107 ignorationis

195 4131 417 4194 excusationem
442 4131 571 4213 aliquam
594 4128 735 4189 babuisse
753 4130 899 4189 fatebitur.
953 4128 1211 4202 Quemadmodum
1232 4152 1288 4191 au-

82 4284 94 4305 ,
124 4304 126 4310 Ι
193 4243 252 4295 tem
272 4231 460 4298 liberalitatis
492 4242 551 4308 cst,
581 4251 630 4307 ea5
659 4226 734 4310 quac
755 4229 1032 4315 nassamones
1051 4233 1214 4314 impertiri:
1244 4234 1287 4293 sic
