<?xml version="1.0" encoding="UTF-8"?>
<!DOCTYPE html PUBLIC "-//W3C//DTD XHTML 1.0 Transitional//EN"
    "http://www.w3.org/TR/xhtml1/DTD/xhtml1-transitional.dtd">
<html xmlns="http://www.w3.org/1999/xhtml" xml:lang="en" lang="en">
 <head>
  <title>
</title>
<meta http-equiv="Content-Type" content="text/html;charset=utf-8" />
  <meta name='ocr-system' content='tesseract 3.04.00' />
  <meta name='ocr-capabilities' content='ocr_page ocr_carea ocr_par ocr_line ocrx_word'/>
</head>
<body>
  <div class='ocr_page' id='page_1' title='image "./demosthenisquae07schgoog_0166.png"; bbox 0 0 2768 4724; ppageno 0'>
   <div class='ocr_carea' id='block_1_1' title="bbox 193 162 1163 308">
    <p class='ocr_par' dir='ltr' id='par_1_1' title="bbox 193 162 1163 308">
     <span class='ocr_line' id='line_1_1' title="bbox 193 162 1163 308; baseline -0.01 -21"><span class='ocrx_word' id='word_1_1' title='bbox 193 223 256 291; x_wconf 81' lang='lat' dir='ltr'><strong>tto</strong></span> <span class='ocrx_word' id='word_1_2' title='bbox 367 162 784 286; x_wconf 74' lang='lat' dir='ltr'><strong>M·UssllEliSTEllill.</strong></span> <span class='ocrx_word' id='word_1_3' title='bbox 801 216 1136 308; x_wconf 66' lang='lat' dir='ltr'><strong>Dldddbdbllsst</strong></span> <span class='ocrx_word' id='word_1_4' title='bbox 1156 262 1163 277; x_wconf 80' lang='lat'><strong>.</strong></span> 
     </span>
    </p>
   </div>
   <div class='ocr_carea' id='block_1_2' title="bbox 506 472 999 542">
    <p class='ocr_par' dir='ltr' id='par_1_2' title="bbox 506 472 999 542">
     <span class='ocr_line' id='line_1_2' title="bbox 506 472 999 542; baseline 0.002 -4"><span class='ocrx_word' id='word_1_5' title='bbox 506 473 758 542; x_wconf 74' lang='lat' dir='ltr'><strong>o&#39;ttttrnts</strong></span> <span class='ocrx_word' id='word_1_6' title='bbox 771 472 999 540; x_wconf 54' lang='lat' dir='ltr'><strong>‘turrita</strong></span> 
     </span>
    </p>
   </div>
   <div class='ocr_carea' id='block_1_3' title="bbox 49 630 1352 3999">
    <p class='ocr_par' dir='ltr' id='par_1_3' title="bbox 172 630 1292 714">
     <span class='ocr_line' id='line_1_3' title="bbox 172 630 1292 714; baseline 0.004 -24"><span class='ocrx_word' id='word_1_7' title='bbox 172 690 176 699; x_wconf 78' lang='grc'>,</span> <span class='ocrx_word' id='word_1_8' title='bbox 213 677 214 681; x_wconf 65' lang='lat'><strong>,</strong></span> <span class='ocrx_word' id='word_1_9' title='bbox 249 630 416 711; x_wconf 73' lang='lat' dir='ltr'><strong>Superest,</strong></span> <span class='ocrx_word' id='word_1_10' title='bbox 437 638 472 693; x_wconf 84' lang='lat' dir='ltr'><strong>ut</strong></span> <span class='ocrx_word' id='word_1_11' title='bbox 487 632 575 694; x_wconf 90' lang='lat' dir='ltr'><strong>ctiam</strong></span> <span class='ocrx_word' id='word_1_12' title='bbox 589 630 849 695; x_wconf 84' lang='lat' dir='ltr'><strong>tertianorstionis</strong></span> <span class='ocrx_word' id='word_1_13' title='bbox 868 639 1003 695; x_wconf 85' lang='lat' dir='ltr'><strong>tmosnn</strong></span> <span class='ocrx_word' id='word_1_14' title='bbox 1017 631 1059 704; x_wconf 80' lang='lat' dir='ltr'><strong>ita</strong></span> <span class='ocrx_word' id='word_1_15' title='bbox 1082 638 1292 714; x_wconf 82' lang='lat' dir='ltr'><strong>comparatum</strong></span> 
     </span>
    </p>

    <p class='ocr_par' dir='ltr' id='par_1_4' title="bbox 192 712 1300 792">
     <span class='ocr_line' id='line_1_4' title="bbox 192 712 1300 792; baseline 0.005 -19"><span class='ocrx_word' id='word_1_16' title='bbox 192 712 398 792; x_wconf 83' lang='lat' dir='ltr'><strong>ostendamus,</strong></span> <span class='ocrx_word' id='word_1_17' title='bbox 420 725 457 779; x_wconf 90' lang='lat' dir='ltr'><strong>nt</strong></span> <span class='ocrx_word' id='word_1_18' title='bbox 478 738 533 777; x_wconf 91' lang='lat' dir='ltr'><strong>suo</strong></span> <span class='ocrx_word' id='word_1_19' title='bbox 549 717 615 779; x_wconf 88' lang='lat' dir='ltr'><strong>iure</strong></span> <span class='ocrx_word' id='word_1_20' title='bbox 627 715 708 778; x_wconf 88' lang='lat' dir='ltr'><strong>hune</strong></span> <span class='ocrx_word' id='word_1_21' title='bbox 721 716 822 776; x_wconf 89' lang='lat' dir='ltr'><strong>locum</strong></span> <span class='ocrx_word' id='word_1_22' title='bbox 837 715 979 781; x_wconf 81' lang='lat' dir='ltr'><strong>obtinent.</strong></span> <span class='ocrx_word' id='word_1_23' title='bbox 1295 719 1300 729; x_wconf 93' lang='lat'>&#39;</span> 
     </span>
    </p>

    <p class='ocr_par' dir='ltr' id='par_1_5' title="bbox 254 797 1293 883">
     <span class='ocr_line' id='line_1_5' title="bbox 254 797 1293 883; baseline 0.004 -24"><span class='ocrx_word' id='word_1_24' title='bbox 254 799 361 877; x_wconf 81' lang='lat' dir='ltr'><strong>Magna</strong></span> <span class='ocrx_word' id='word_1_25' title='bbox 384 801 421 860; x_wconf 91' lang='lat' dir='ltr'><strong>ab</strong></span> <span class='ocrx_word' id='word_1_26' title='bbox 439 801 526 862; x_wconf 89' lang='lat' dir='ltr'><strong>initio</strong></span> <span class='ocrx_word' id='word_1_27' title='bbox 548 797 743 883; x_wconf 76' lang='lat' dir='ltr'><strong>temperentia</strong></span> <span class='ocrx_word' id='word_1_28' title='bbox 759 810 862 861; x_wconf 81' lang='lat' dir='ltr'><strong>orator</strong></span> <span class='ocrx_word' id='word_1_29' title='bbox 878 800 1086 882; x_wconf 84' lang='lat' dir='ltr'><strong>progreditur,</strong></span> <span class='ocrx_word' id='word_1_30' title='bbox 1107 800 1226 863; x_wconf 83' lang='lat' dir='ltr'><strong>diversa</strong></span> <span class='ocrx_word' id='word_1_31' title='bbox 1243 811 1293 863; x_wconf 82' lang='lat' dir='ltr'><strong>ta-</strong></span> 
     </span>
    </p>

    <p class='ocr_par' dir='ltr' id='par_1_6' title="bbox 190 885 1352 1044">
     <span class='ocr_line' id='line_1_6' title="bbox 190 885 1292 966; baseline 0.003 -22"><span class='ocrx_word' id='word_1_32' title='bbox 190 902 262 944; x_wconf 84' lang='lat' dir='ltr'><strong>men</strong></span> <span class='ocrx_word' id='word_1_33' title='bbox 282 885 319 944; x_wconf 89' lang='lat' dir='ltr'><strong>ab</strong></span> <span class='ocrx_word' id='word_1_34' title='bbox 338 905 389 965; x_wconf 89' lang='lat' dir='ltr'><strong>en,</strong></span> <span class='ocrx_word' id='word_1_35' title='bbox 410 905 469 964; x_wconf 85' lang='lat' dir='ltr'><strong>qun</strong></span> <span class='ocrx_word' id='word_1_36' title='bbox 487 885 610 947; x_wconf 80' lang='lat' dir='ltr'><strong>inchoat</strong></span> <span class='ocrx_word' id='word_1_37' title='bbox 629 889 661 945; x_wconf 93' lang='lat' dir='ltr'><strong>in</strong></span> <span class='ocrx_word' id='word_1_38' title='bbox 679 885 783 966; x_wconf 82' lang='lat' dir='ltr'><strong>prima</strong></span> <span class='ocrx_word' id='word_1_39' title='bbox 827 886 959 947; x_wconf 80' lang='lat' dir='ltr'><strong>sensisse</strong></span> <span class='ocrx_word' id='word_1_40' title='bbox 974 887 1053 945; x_wconf 88' lang='lat' dir='ltr'><strong>anim</strong></span> <span class='ocrx_word' id='word_1_41' title='bbox 1066 886 1134 966; x_wconf 68' lang='lat' dir='ltr'><strong>ipsi.</strong></span> <span class='ocrx_word' id='word_1_42' title='bbox 1147 886 1292 961; x_wconf 76' lang='lat' dir='ltr'><strong>videntur</strong></span> 
     </span>
     <span class='ocr_line' id='line_1_7' title="bbox 191 966 1352 1044; baseline 0.007 -18"><span class='ocrx_word' id='word_1_43' title='bbox 191 966 290 1044; x_wconf 85' lang='lat' dir='ltr'><strong>cives,</strong></span> <span class='ocrx_word' id='word_1_44' title='bbox 313 969 422 1030; x_wconf 78' lang='lat' dir='ltr'><strong>curilis</strong></span> <span class='ocrx_word' id='word_1_45' title='bbox 443 971 609 1032; x_wconf 76' lang='lat' dir='ltr'><strong>necessaris</strong></span> <span class='ocrx_word' id='word_1_46' title='bbox 625 988 708 1042; x_wconf 83' lang='lat' dir='ltr'><strong>esee,</strong></span> <span class='ocrx_word' id='word_1_47' title='bbox 730 967 784 1029; x_wconf 88' lang='lat' dir='ltr'><strong>sod</strong></span> <span class='ocrx_word' id='word_1_48' title='bbox 802 969 880 1029; x_wconf 87' lang='lat' dir='ltr'><strong>inter</strong></span> <span class='ocrx_word' id='word_1_49' title='bbox 903 969 1047 1032; x_wconf 81' lang='lat' dir='ltr'><strong>desidium</strong></span> <span class='ocrx_word' id='word_1_50' title='bbox 1060 970 1304 1043; x_wconf 72' lang='lat' dir='ltr'><strong>atnotuntsten,</strong></span> <span class='ocrx_word' id='word_1_51' title='bbox 1348 1008 1352 1013; x_wconf 95' lang='lat'><em>-</em></span> 
     </span>
    </p>

    <p class='ocr_par' dir='ltr' id='par_1_7' title="bbox 132 1044 1292 1136">
     <span class='ocr_line' id='line_1_8' title="bbox 132 1044 1292 1136; baseline 0.011 -29"><span class='ocrx_word' id='word_1_52' title='bbox 132 1082 144 1107; x_wconf 85' lang='lat'><strong>.</strong></span> <span class='ocrx_word' id='word_1_53' title='bbox 191 1050 300 1113; x_wconf 80' lang='lat' dir='ltr'><strong>incerti</strong></span> <span class='ocrx_word' id='word_1_54' title='bbox 315 1054 406 1117; x_wconf 75' lang='lat' dir='ltr'><strong>titisse</strong></span> <span class='ocrx_word' id='word_1_55' title='bbox 423 1050 466 1135; x_wconf 82' lang='lat' dir='ltr'><strong>(p.</strong></span> <span class='ocrx_word' id='word_1_56' title='bbox 490 1060 520 1121; x_wconf 85' lang='lat'><strong>9.</strong></span> <span class='ocrx_word' id='word_1_57' title='bbox 536 1056 558 1115; x_wconf 94' lang='lat' dir='ltr'><strong>l.</strong></span> <span class='ocrx_word' id='word_1_58' title='bbox 578 1060 608 1122; x_wconf 85' lang='grc'><strong>7.</strong></span> <span class='ocrx_word' id='word_1_59' title='bbox 626 1045 711 1136; x_wconf 74' lang='grc' dir='ltr'><strong>ἧμιῖς</strong></span> <span class='ocrx_word' id='word_1_60' title='bbox 725 1046 761 1123; x_wconf 68' lang='grc' dir='ltr'><strong>,δ’</strong></span> <span class='ocrx_word' id='word_1_61' title='bbox 776 1044 838 1116; x_wconf 75' lang='lat' dir='ltr'><strong>odes·</strong></span> <span class='ocrx_word' id='word_1_62' title='bbox 859 1044 924 1118; x_wconf 74' lang='grc' dir='ltr'><strong>οἷδ’</strong></span> <span class='ocrx_word' id='word_1_63' title='bbox 938 1049 975 1118; x_wconf 79' lang='lat' dir='ltr'><strong>‘dv</strong></span> <span class='ocrx_word' id='word_1_64' title='bbox 986 1047 1056 1119; x_wconf 77' lang='lat' dir='ltr'><strong>sisoi</strong></span> <span class='ocrx_word' id='word_1_65' title='bbox 1073 1077 1128 1135; x_wconf 80' lang='lat' dir='ltr'><strong>pos</strong></span> <span class='ocrx_word' id='word_1_66' title='bbox 1140 1055 1292 1134; x_wconf 71' lang='lat' dir='ltr'><strong>dosoipts</strong></span> 
     </span>
    </p>

    <p class='ocr_par' dir='ltr' id='par_1_8' title="bbox 151 1130 1305 1220">
     <span class='ocr_line' id='line_1_9' title="bbox 151 1130 1305 1220; baseline 0.003 -24"><span class='ocrx_word' id='word_1_67' title='bbox 151 1136 187 1197; x_wconf 76' lang='lat' dir='ltr'><strong>tr</strong></span> <span class='ocrx_word' id='word_1_68' title='bbox 194 1134 274 1217; x_wconf 64' lang='grc' dir='ltr'>ἔχειν</span> <span class='ocrx_word' id='word_1_69' title='bbox 286 1130 400 1220; x_wconf 74' lang='lat' dir='ltr'><strong>spineo</strong></span> <span class='ocrx_word' id='word_1_70' title='bbox 411 1134 490 1220; x_wconf 73' lang='lat' dir='ltr'><strong>node</strong></span> <span class='ocrx_word' id='word_1_71' title='bbox 500 1133 605 1216; x_wconf 74' lang='lat' dir='ltr'><strong>oded.)</strong></span> <span class='ocrx_word' id='word_1_72' title='bbox 612 1184 623 1215; x_wconf 93' lang='lat'>‚</span> <span class='ocrx_word' id='word_1_73' title='bbox 646 1157 716 1199; x_wconf 89' lang='lat' dir='ltr'><strong>cnm</strong></span> <span class='ocrx_word' id='word_1_74' title='bbox 727 1159 745 1196; x_wconf 89' lang='lat' dir='ltr'><strong>a</strong></span> <span class='ocrx_word' id='word_1_75' title='bbox 756 1137 910 1218; x_wconf 86' lang='lat' dir='ltr'><strong>prioribus</strong></span> <span class='ocrx_word' id='word_1_76' title='bbox 921 1139 1055 1213; x_wconf 85' lang='lat' dir='ltr'><strong>suxiliis,</strong></span> <span class='ocrx_word' id='word_1_77' title='bbox 1069 1139 1178 1219; x_wconf 75' lang='lat' dir='ltr'><strong>quibus</strong></span> <span class='ocrx_word' id='word_1_78' title='bbox 1186 1138 1305 1211; x_wconf 62' lang='lat' dir='ltr'><strong>officio,</strong></span> 
     </span>
    </p>

    <p class='ocr_par' dir='ltr' id='par_1_9' title="bbox 190 1218 1292 1304">
     <span class='ocr_line' id='line_1_10' title="bbox 190 1218 1292 1304; baseline 0.002 -21"><span class='ocrx_word' id='word_1_79' title='bbox 190 1224 319 1283; x_wconf 81' lang='lat' dir='ltr'><strong>molesto</strong></span> <span class='ocrx_word' id='word_1_80' title='bbox 337 1223 515 1284; x_wconf 70' lang='lat' dir='ltr'><strong>satisfecisse</strong></span> <span class='ocrx_word' id='word_1_81' title='bbox 536 1244 601 1286; x_wconf 87' lang='lat' dir='ltr'><strong>sese</strong></span> <span class='ocrx_word' id='word_1_82' title='bbox 620 1224 746 1285; x_wconf 85' lang='lat' dir='ltr'><strong>sortasse</strong></span> <span class='ocrx_word' id='word_1_83' title='bbox 767 1218 971 1300; x_wconf 88' lang='lat' dir='ltr'><strong>crediderant,</strong></span> <span class='ocrx_word' id='word_1_84' title='bbox 998 1243 1055 1304; x_wconf 85' lang='lat' dir='ltr'><strong>per</strong></span> <span class='ocrx_word' id='word_1_85' title='bbox 1076 1221 1292 1304; x_wconf 79' lang='lat' dir='ltr'><strong>Olyntlsiorum</strong></span> 
     </span>
    </p>

    <p class='ocr_par' dir='ltr' id='par_1_10' title="bbox 190 1305 1293 1388">
     <span class='ocr_line' id='line_1_11' title="bbox 190 1305 1293 1388; baseline 0.003 -22"><span class='ocrx_word' id='word_1_86' title='bbox 190 1305 324 1385; x_wconf 86' lang='lat' dir='ltr'><strong>legatos,</strong></span> <span class='ocrx_word' id='word_1_87' title='bbox 343 1306 420 1369; x_wconf 85' lang='lat' dir='ltr'>nihil</span> <span class='ocrx_word' id='word_1_88' title='bbox 439 1307 503 1373; x_wconf 80' lang='lat' dir='ltr'><strong>sese</strong></span> <span class='ocrx_word' id='word_1_89' title='bbox 519 1308 657 1369; x_wconf 79' lang='lat' dir='ltr'><strong>ellectum</strong></span> <span class='ocrx_word' id='word_1_90' title='bbox 676 1327 756 1382; x_wconf 87' lang='lat' dir='ltr'><strong>esso,</strong></span> <span class='ocrx_word' id='word_1_91' title='bbox 779 1309 920 1369; x_wconf 77' lang='lat' dir='ltr'><strong>certiores</strong></span> <span class='ocrx_word' id='word_1_92' title='bbox 942 1306 1056 1371; x_wconf 76' lang='lat' dir='ltr'><strong>fierem.</strong></span> <span class='ocrx_word' id='word_1_93' title='bbox 1100 1308 1157 1368; x_wconf 87' lang='lat' dir='ltr'><strong>Cui</strong></span> <span class='ocrx_word' id='word_1_94' title='bbox 1167 1309 1293 1388; x_wconf 84' lang='lat' dir='ltr'><strong>perieu-</strong></span> 
     </span>
    </p>

    <p class='ocr_par' dir='ltr' id='par_1_11' title="bbox 97 1390 1293 1473">
     <span class='ocr_line' id='line_1_12' title="bbox 97 1390 1293 1473; baseline 0.005 -22"><span class='ocrx_word' id='word_1_95' title='bbox 97 1414 99 1419; x_wconf 60' lang='grc'>’</span> <span class='ocrx_word' id='word_1_96' title='bbox 190 1390 258 1452; x_wconf 91' lang='lat' dir='ltr'><strong>loso</strong></span> <span class='ocrx_word' id='word_1_97' title='bbox 278 1411 382 1473; x_wconf 64' lang='lat' dir='ltr'><strong>terum</strong></span> <span class='ocrx_word' id='word_1_98' title='bbox 402 1393 493 1454; x_wconf 78' lang='lat' dir='ltr'><strong>stanti</strong></span> <span class='ocrx_word' id='word_1_99' title='bbox 508 1402 614 1454; x_wconf 89' lang='lat' dir='ltr'><strong>orator</strong></span> <span class='ocrx_word' id='word_1_100' title='bbox 633 1392 677 1452; x_wconf 90' lang='lat' dir='ltr'><strong>ita</strong></span> <span class='ocrx_word' id='word_1_101' title='bbox 689 1390 803 1453; x_wconf 85' lang='lat' dir='ltr'><strong>mederi</strong></span> <span class='ocrx_word' id='word_1_102' title='bbox 816 1393 935 1469; x_wconf 82' lang='lat' dir='ltr'><strong>studet,</strong></span> <span class='ocrx_word' id='word_1_103' title='bbox 956 1400 1006 1468; x_wconf 92' lang='lat' dir='ltr'><strong>ut,</strong></span> <span class='ocrx_word' id='word_1_104' title='bbox 1028 1411 1098 1469; x_wconf 75' lang='lat' dir='ltr'><strong>enm</strong></span> <span class='ocrx_word' id='word_1_105' title='bbox 1113 1392 1195 1458; x_wconf 82' lang='lat' dir='ltr'><strong>cives</strong></span> <span class='ocrx_word' id='word_1_106' title='bbox 1208 1413 1293 1470; x_wconf 57' lang='lat' dir='ltr'><strong>contr</strong></span> 
     </span>
    </p>

    <p class='ocr_par' dir='ltr' id='par_1_12' title="bbox 188 1474 1293 1559">
     <span class='ocr_line' id='line_1_13' title="bbox 188 1474 1293 1559; baseline 0.002 -22"><span class='ocrx_word' id='word_1_107' title='bbox 188 1485 291 1539; x_wconf 87' lang='lat' dir='ltr'><strong>motos</strong></span> <span class='ocrx_word' id='word_1_108' title='bbox 305 1476 497 1553; x_wconf 85' lang='lat' dir='ltr'><strong>essevideat,</strong></span> <span class='ocrx_word' id='word_1_109' title='bbox 519 1497 571 1559; x_wconf 84' lang='lat' dir='ltr'><strong>eos</strong></span> <span class='ocrx_word' id='word_1_110' title='bbox 589 1474 783 1552; x_wconf 74' lang='lat' dir='ltr'><strong>adhortetur,</strong></span> <span class='ocrx_word' id='word_1_111' title='bbox 807 1486 843 1538; x_wconf 92' lang='lat' dir='ltr'><strong>ut</strong></span> <span class='ocrx_word' id='word_1_112' title='bbox 856 1476 917 1557; x_wconf 91' lang='lat' dir='ltr'><strong>ipsi</strong></span> <span class='ocrx_word' id='word_1_113' title='bbox 929 1476 960 1537; x_wconf 93' lang='lat' dir='ltr'><strong>in</strong></span> <span class='ocrx_word' id='word_1_114' title='bbox 982 1487 1079 1539; x_wconf 77' lang='lat' dir='ltr'><strong>casua</strong></span> <span class='ocrx_word' id='word_1_115' title='bbox 1095 1476 1293 1558; x_wconf 77' lang='lat' dir='ltr'><strong>proficiscen-</strong></span> 
     </span>
    </p>

    <p class='ocr_par' dir='ltr' id='par_1_13' title="bbox 188 1559 1292 1648">
     <span class='ocr_line' id='line_1_14' title="bbox 188 1559 1292 1648; baseline 0.004 -27"><span class='ocrx_word' id='word_1_116' title='bbox 188 1568 241 1621; x_wconf 85' lang='lat' dir='ltr'><strong>tur</strong></span> <span class='ocrx_word' id='word_1_117' title='bbox 257 1568 354 1648; x_wconf 76' lang='lat' dir='ltr'><strong>ntque</strong></span> <span class='ocrx_word' id='word_1_118' title='bbox 375 1562 473 1625; x_wconf 78' lang='lat' dir='ltr'><strong>nolint</strong></span> <span class='ocrx_word' id='word_1_119' title='bbox 490 1561 689 1624; x_wconf 71' lang='lat' dir='ltr'><strong>mercenarios</strong></span> <span class='ocrx_word' id='word_1_120' title='bbox 711 1559 855 1640; x_wconf 89' lang='lat' dir='ltr'><strong>quosdam</strong></span> <span class='ocrx_word' id='word_1_121' title='bbox 875 1561 993 1643; x_wconf 68' lang='lat' dir='ltr'><strong>procul⁴</strong></span> <span class='ocrx_word' id='word_1_122' title='bbox 1014 1561 1060 1621; x_wconf 75' lang='lat' dir='ltr'><strong>sb&#39;</strong></span> <span class='ocrx_word' id='word_1_123' title='bbox 1075 1562 1152 1623; x_wconf 87' lang='lat' dir='ltr'><strong>urbe</strong></span> <span class='ocrx_word' id='word_1_124' title='bbox 1173 1561 1292 1625; x_wconf 79' lang='lat' dir='ltr'><strong>versari</strong></span> 
     </span>
    </p>

    <p class='ocr_par' dir='ltr' id='par_1_14' title="bbox 125 1643 1293 1726">
     <span class='ocr_line' id='line_1_15' title="bbox 125 1643 1293 1726; baseline 0.004 -24"><span class='ocrx_word' id='word_1_125' title='bbox 125 1678 130 1693; x_wconf 85' lang='lat'><strong>·</strong></span> <span class='ocrx_word' id='word_1_126' title='bbox 186 1643 293 1706; x_wconf 87' lang='lat' dir='ltr'><strong>solitos</strong></span> <span class='ocrx_word' id='word_1_127' title='bbox 303 1645 432 1726; x_wconf 83' lang='lat' dir='ltr'><strong>ideoque</strong></span> <span class='ocrx_word' id='word_1_128' title='bbox 453 1648 594 1725; x_wconf 74' lang='lat' dir='ltr'><strong>segnitiae</strong></span> <span class='ocrx_word' id='word_1_129' title='bbox 613 1643 742 1707; x_wconf 87' lang='lat' dir='ltr'><strong>testibus</strong></span> <span class='ocrx_word' id='word_1_130' title='bbox 757 1654 892 1707; x_wconf 83' lang='lat' dir='ltr'><strong>ementes</strong></span> <span class='ocrx_word' id='word_1_131' title='bbox 904 1645 1044 1722; x_wconf 84' lang='lat' dir='ltr'><strong>mittero„</strong></span> <span class='ocrx_word' id='word_1_132' title='bbox 1054 1654 1095 1720; x_wconf 15' lang='lat' dir='ltr'><strong>,ut</strong></span> <span class='ocrx_word' id='word_1_133' title='bbox 1111 1644 1200 1707; x_wconf 78' lang='lat' dir='ltr'><strong>antes</strong></span> <span class='ocrx_word' id='word_1_134' title='bbox 1212 1646 1293 1707; x_wconf 77' lang='lat' dir='ltr'><strong>cha-</strong></span> 
     </span>
    </p>

    <p class='ocr_par' dir='ltr' id='par_1_15' title="bbox 187 1725 1293 1813">
     <span class='ocr_line' id='line_1_16' title="bbox 187 1725 1293 1813; baseline 0.005 -23"><span class='ocrx_word' id='word_1_135' title='bbox 187 1728 347 1791; x_wconf 79' lang='lat' dir='ltr'><strong>ridentum.</strong></span> <span class='ocrx_word' id='word_1_136' title='bbox 388 1730 467 1807; x_wconf 75' lang='lat' dir='ltr'><strong>(Huc</strong></span> <span class='ocrx_word' id='word_1_137' title='bbox 489 1731 568 1793; x_wconf 88' lang='lat' dir='ltr'><strong>enim</strong></span> <span class='ocrx_word' id='word_1_138' title='bbox 589 1730 688 1793; x_wconf 78' lang='lat' dir='ltr'><strong>refero</strong></span> <span class='ocrx_word' id='word_1_139' title='bbox 709 1729 801 1792; x_wconf 80' lang='lat' dir='ltr'><strong>verbs</strong></span> <span class='ocrx_word' id='word_1_140' title='bbox 824 1725 907 1805; x_wconf 75' lang='grc' dir='ltr'><strong>ὅπως</strong></span> <span class='ocrx_word' id='word_1_141' title='bbox 933 1728 1100 1795; x_wconf 63' lang='lat' dir='ltr'><strong>&amp;obinde</strong></span> <span class='ocrx_word' id='word_1_142' title='bbox 1120 1727 1293 1813; x_wconf 75' lang='grc' dir='ltr'>βοηθήσειε</span> 
     </span>
    </p>

    <p class='ocr_par' dir='ltr' id='par_1_16' title="bbox 186 1806 1291 1896">
     <span class='ocr_line' id='line_1_17' title="bbox 186 1806 1291 1896; baseline 0 -19"><span class='ocrx_word' id='word_1_143' title='bbox 186 1813 242 1877; x_wconf 76' lang='lat' dir='ltr'><strong>sni</strong></span> <span class='ocrx_word' id='word_1_144' title='bbox 256 1811 298 1892; x_wconf 75' lang='grc' dir='ltr'><strong>μὴ</strong></span> <span class='ocrx_word' id='word_1_145' title='bbox 315 1808 451 1894; x_wconf 64' lang='lat' dir='ltr'><strong>odones,</strong></span> <span class='ocrx_word' id='word_1_146' title='bbox 473 1810 491 1879; x_wconf 85' lang='lat' dir='ltr'><strong>‘d</strong></span> <span class='ocrx_word' id='word_1_147' title='bbox 503 1838 561 1894; x_wconf 77' lang='lat' dir='ltr'><strong>nso</strong></span> <span class='ocrx_word' id='word_1_148' title='bbox 571 1806 625 1879; x_wconf 66' lang='lat' dir='ltr'><strong>set</strong></span> <span class='ocrx_word' id='word_1_149' title='bbox 637 1807 793 1896; x_wconf 73' lang='grc' dir='ltr'><strong><em>πρότερον.</em></strong></span> <span class='ocrx_word' id='word_1_150' title='bbox 810 1813 833 1875; x_wconf 94' lang='lat' dir='ltr'><strong>l.</strong></span> <span class='ocrx_word' id='word_1_151' title='bbox 846 1811 880 1896; x_wconf 87' lang='lat' dir='ltr'><strong>l.)</strong></span> <span class='ocrx_word' id='word_1_152' title='bbox 916 1813 1108 1895; x_wconf 84' lang='lat' dir='ltr'><strong>Metuendum</strong></span> <span class='ocrx_word' id='word_1_153' title='bbox 1123 1815 1202 1875; x_wconf 87' lang='lat' dir='ltr'><strong>enim</strong></span> <span class='ocrx_word' id='word_1_154' title='bbox 1214 1836 1291 1893; x_wconf 89' lang='lat' dir='ltr'><strong>ease,</strong></span> 
     </span>
    </p>

    <p class='ocr_par' dir='ltr' id='par_1_17' title="bbox 187 1896 1292 1980">
     <span class='ocr_line' id='line_1_18' title="bbox 187 1896 1292 1980; baseline 0.002 -23"><span class='ocrx_word' id='word_1_155' title='bbox 187 1917 228 1957; x_wconf 90' lang='lat' dir='ltr'><strong>ne</strong></span> <span class='ocrx_word' id='word_1_156' title='bbox 241 1896 399 1980; x_wconf 83' lang='lat' dir='ltr'><strong>Philippus</strong></span> <span class='ocrx_word' id='word_1_157' title='bbox 411 1897 636 1961; x_wconf 79' lang='lat' dir='ltr'><strong>Atheniensium</strong></span> <span class='ocrx_word' id='word_1_158' title='bbox 659 1898 878 1961; x_wconf 78' lang='lat' dir='ltr'><strong>cunctationem</strong></span> <span class='ocrx_word' id='word_1_159' title='bbox 889 1898 1037 1960; x_wconf 70' lang='lat' dir='ltr'><strong>trentam</strong></span> <span class='ocrx_word' id='word_1_160' title='bbox 1049 1896 1200 1978; x_wconf 82' lang='lat' dir='ltr'><strong>Olynthiis</strong></span> <span class='ocrx_word' id='word_1_161' title='bbox 1216 1919 1292 1980; x_wconf 80' lang='lat' dir='ltr'><strong>per-</strong></span> 
     </span>
    </p>

    <p class='ocr_par' dir='ltr' id='par_1_18' title="bbox 131 1980 1291 2059">
     <span class='ocr_line' id='line_1_19' title="bbox 131 1980 1291 2059; baseline 0.001 -15"><span class='ocrx_word' id='word_1_162' title='bbox 131 1986 134 1997; x_wconf 83' lang='grc'><strong>“</strong></span> <span class='ocrx_word' id='word_1_163' title='bbox 188 1980 332 2059; x_wconf 80' lang='lat' dir='ltr'><strong>suadent,</strong></span> <span class='ocrx_word' id='word_1_164' title='bbox 345 2024 349 2034; x_wconf 86' lang='lat'><strong>·</strong></span> <span class='ocrx_word' id='word_1_165' title='bbox 362 2003 413 2047; x_wconf 84' lang='lat' dir='ltr'><strong>eoa</strong></span> <span class='ocrx_word' id='word_1_166' title='bbox 430 1984 550 2045; x_wconf 87' lang='lat' dir='ltr'><strong>omnino</strong></span> <span class='ocrx_word' id='word_1_167' title='bbox 571 2004 635 2045; x_wconf 88' lang='lat' dir='ltr'><strong>non</strong></span> <span class='ocrx_word' id='word_1_168' title='bbox 653 1983 855 2044; x_wconf 86' lang='lat' dir='ltr'><strong>subventuros</strong></span> <span class='ocrx_word' id='word_1_169' title='bbox 887 2002 961 2044; x_wconf 80' lang='lat' dir='ltr'><strong>esse</strong></span> <span class='ocrx_word' id='word_1_170' title='bbox 1009 1980 1086 2044; x_wconf 81' lang='lat' dir='ltr'><strong>Tum</strong></span> <span class='ocrx_word' id='word_1_171' title='bbox 1116 1982 1207 2044; x_wconf 89' lang='lat' dir='ltr'><strong>modo</strong></span> <span class='ocrx_word' id='word_1_172' title='bbox 1233 1984 1291 2045; x_wconf 86' lang='lat' dir='ltr'><strong>ali·</strong></span> 
     </span>
    </p>

    <p class='ocr_par' dir='ltr' id='par_1_19' title="bbox 189 2066 1291 2148">
     <span class='ocr_line' id='line_1_20' title="bbox 189 2066 1291 2148; baseline 0.004 -23"><span class='ocrx_word' id='word_1_173' title='bbox 189 2069 338 2144; x_wconf 72' lang='lat' dir='ltr'><strong>quatenus</strong></span> <span class='ocrx_word' id='word_1_174' title='bbox 359 2067 463 2144; x_wconf 81' lang='lat' dir='ltr'><strong>simili,</strong></span> <span class='ocrx_word' id='word_1_175' title='bbox 490 2068 611 2131; x_wconf 88' lang='lat' dir='ltr'><strong>minime</strong></span> <span class='ocrx_word' id='word_1_176' title='bbox 632 2088 707 2129; x_wconf 83' lang='lat' dir='ltr'><strong>vero</strong></span> <span class='ocrx_word' id='word_1_177' title='bbox 725 2066 828 2128; x_wconf 85' lang='lat' dir='ltr'><strong>endem</strong></span> <span class='ocrx_word' id='word_1_178' title='bbox 844 2066 978 2143; x_wconf 72' lang='lat' dir='ltr'><strong>laetitia,</strong></span> <span class='ocrx_word' id='word_1_179' title='bbox 1015 2076 1104 2146; x_wconf 89' lang='lat' dir='ltr'><strong>atque</strong></span> <span class='ocrx_word' id='word_1_180' title='bbox 1124 2067 1158 2127; x_wconf 89' lang='lat' dir='ltr'><strong>in</strong></span> <span class='ocrx_word' id='word_1_181' title='bbox 1180 2067 1291 2148; x_wconf 82' lang='lat' dir='ltr'><strong>prima,</strong></span> 
     </span>
    </p>

    <p class='ocr_par' dir='ltr' id='par_1_20' title="bbox 188 2148 1303 2234">
     <span class='ocr_line' id='line_1_21' title="bbox 188 2148 1303 2234; baseline 0.004 -23"><span class='ocrx_word' id='word_1_182' title='bbox 188 2148 325 2232; x_wconf 86' lang='lat' dir='ltr'><strong>Philippi</strong></span> <span class='ocrx_word' id='word_1_183' title='bbox 337 2152 438 2231; x_wconf 87' lang='lat' dir='ltr'><strong>copias</strong></span> <span class='ocrx_word' id='word_1_184' title='bbox 450 2163 602 2229; x_wconf 88' lang='lat' dir='ltr'><strong>recenset,</strong></span> <span class='ocrx_word' id='word_1_185' title='bbox 625 2172 700 2232; x_wconf 80' lang='lat' dir='ltr'><strong>ques</strong></span> <span class='ocrx_word' id='word_1_186' title='bbox 711 2150 836 2234; x_wconf 85' lang='lat' dir='ltr'><strong>perfidia</strong></span> <span class='ocrx_word' id='word_1_187' title='bbox 850 2172 907 2231; x_wconf 82' lang='lat' dir='ltr'><strong>rex</strong></span> <span class='ocrx_word' id='word_1_188' title='bbox 921 2153 988 2232; x_wconf 89' lang='lat' dir='ltr'><strong>ipse</strong></span> <span class='ocrx_word' id='word_1_189' title='bbox 1005 2151 1177 2228; x_wconf 79' lang='lat' dir='ltr'><strong>imminuet,</strong></span> <span class='ocrx_word' id='word_1_190' title='bbox 1186 2222 1190 2232; x_wconf 32' lang='grc' dir='ltr'>Ι</span> <span class='ocrx_word' id='word_1_191' title='bbox 1199 2163 1303 2233; x_wconf 83' lang='lat' dir='ltr'><strong>atquo,</strong></span> 
     </span>
    </p>

    <p class='ocr_par' dir='ltr' id='par_1_21' title="bbox 189 2235 1294 2315">
     <span class='ocr_line' id='line_1_22' title="bbox 189 2235 1294 2315; baseline 0.004 -20"><span class='ocrx_word' id='word_1_192' title='bbox 189 2235 324 2297; x_wconf 85' lang='lat' dir='ltr'><strong>Deorum</strong></span> <span class='ocrx_word' id='word_1_193' title='bbox 337 2236 513 2298; x_wconf 83' lang='lat' dir='ltr'><strong>beneficium</strong></span> <span class='ocrx_word' id='word_1_194' title='bbox 527 2237 638 2315; x_wconf 79' lang='lat' dir='ltr'><strong>negligi</strong></span> <span class='ocrx_word' id='word_1_195' title='bbox 660 2237 851 2311; x_wconf 84' lang='lat' dir='ltr'><strong>demonstrat,</strong></span> <span class='ocrx_word' id='word_1_196' title='bbox 872 2237 899 2297; x_wconf 93' lang='lat' dir='ltr'><strong>si</strong></span> <span class='ocrx_word' id='word_1_197' title='bbox 912 2237 971 2295; x_wconf 84' lang='lat' dir='ltr'><strong>ists</strong></span> <span class='ocrx_word' id='word_1_198' title='bbox 983 2235 1100 2296; x_wconf 81' lang='lat' dir='ltr'><strong>occasio</strong></span> <span class='ocrx_word' id='word_1_199' title='bbox 1116 2256 1179 2297; x_wconf 91' lang='lat' dir='ltr'><strong>non</strong></span> <span class='ocrx_word' id='word_1_200' title='bbox 1194 2257 1294 2299; x_wconf 87' lang='lat' dir='ltr'><strong>occu-</strong></span> 
     </span>
    </p>

    <p class='ocr_par' dir='ltr' id='par_1_22' title="bbox 187 2317 1302 2402">
     <span class='ocr_line' id='line_1_23' title="bbox 187 2317 1302 2402; baseline 0.003 -22"><span class='ocrx_word' id='word_1_201' title='bbox 187 2317 362 2402; x_wconf 77' lang='lat' dir='ltr'><strong>petur.[¹⁵].</strong></span> <span class='ocrx_word' id='word_1_202' title='bbox 399 2322 465 2385; x_wconf 67' lang='lat' dir='ltr'><strong>ded</strong></span> <span class='ocrx_word' id='word_1_203' title='bbox 483 2323 536 2383; x_wconf 87' lang='lat' dir='ltr'><strong>ills</strong></span> <span class='ocrx_word' id='word_1_204' title='bbox 556 2322 713 2401; x_wconf 82' lang='lat' dir='ltr'><strong>utriusque</strong></span> <span class='ocrx_word' id='word_1_205' title='bbox 736 2320 881 2381; x_wconf 89' lang='lat' dir='ltr'><strong>orationis</strong></span> <span class='ocrx_word' id='word_1_206' title='bbox 901 2321 1114 2381; x_wconf 85' lang='lat' dir='ltr'><strong>sententiarum</strong></span> <span class='ocrx_word' id='word_1_207' title='bbox 1125 2322 1302 2393; x_wconf 60' lang='lat' dir='ltr'><strong>similitudo&gt;</strong></span> 
     </span>
    </p>

    <p class='ocr_par' dir='ltr' id='par_1_23' title="bbox 189 2402 1301 2485">
     <span class='ocr_line' id='line_1_24' title="bbox 189 2402 1301 2485; baseline 0.007 -23"><span class='ocrx_word' id='word_1_208' title='bbox 189 2405 312 2464; x_wconf 88' lang='lat' dir='ltr'><strong>minime</strong></span> <span class='ocrx_word' id='word_1_209' title='bbox 330 2415 436 2466; x_wconf 89' lang='lat' dir='ltr'><strong>eontra</strong></span> <span class='ocrx_word' id='word_1_210' title='bbox 457 2427 513 2467; x_wconf 90' lang='lat' dir='ltr'><strong>nos</strong></span> <span class='ocrx_word' id='word_1_211' title='bbox 532 2405 614 2467; x_wconf 85' lang='lat' dir='ltr'><strong>facit.</strong></span> <span class='ocrx_word' id='word_1_212' title='bbox 656 2406 760 2485; x_wconf 88' lang='lat' dir='ltr'><strong>Neque</strong></span> <span class='ocrx_word' id='word_1_213' title='bbox 785 2405 864 2466; x_wconf 87' lang='lat' dir='ltr'><strong>enim</strong></span> <span class='ocrx_word' id='word_1_214' title='bbox 885 2402 1039 2480; x_wconf 68' lang='lat' dir='ltr'><strong>ridemus,</strong></span> <span class='ocrx_word' id='word_1_215' title='bbox 1072 2424 1128 2466; x_wconf 89' lang='lat' dir='ltr'><strong>cur</strong></span> <span class='ocrx_word' id='word_1_216' title='bbox 1148 2405 1181 2465; x_wconf 90' lang='lat' dir='ltr'><strong>in</strong></span> <span class='ocrx_word' id='word_1_217' title='bbox 1202 2407 1301 2471; x_wconf 67' lang='lat' dir='ltr'><strong>tertii.</strong></span> 
     </span>
    </p>

    <p class='ocr_par' dir='ltr' id='par_1_24' title="bbox 190 2488 1292 2569">
     <span class='ocr_line' id='line_1_25' title="bbox 190 2488 1292 2569; baseline 0.004 -22"><span class='ocrx_word' id='word_1_218' title='bbox 190 2488 317 2548; x_wconf 87' lang='lat' dir='ltr'><strong>alienius</strong></span> <span class='ocrx_word' id='word_1_219' title='bbox 338 2511 356 2550; x_wconf 91' lang='lat' dir='ltr'><strong>a</strong></span> <span class='ocrx_word' id='word_1_220' title='bbox 375 2509 410 2551; x_wconf 86' lang='lat' dir='ltr'><strong>re</strong></span> <span class='ocrx_word' id='word_1_221' title='bbox 430 2490 538 2568; x_wconf 85' lang='lat' dir='ltr'><strong>inerit,</strong></span> <span class='ocrx_word' id='word_1_222' title='bbox 568 2489 752 2552; x_wconf 88' lang='lat' dir='ltr'><strong>ostendendo</strong></span> <span class='ocrx_word' id='word_1_223' title='bbox 769 2508 894 2551; x_wconf 84' lang='lat' dir='ltr'><strong>suorum</strong></span> <span class='ocrx_word' id='word_1_224' title='bbox 904 2489 985 2551; x_wconf 86' lang='lat' dir='ltr'><strong>vires</strong></span> <span class='ocrx_word' id='word_1_225' title='bbox 997 2488 1189 2569; x_wconf 87' lang='lat' dir='ltr'><strong>Philippique</strong></span> <span class='ocrx_word' id='word_1_226' title='bbox 1204 2490 1292 2551; x_wconf 82' lang='lat' dir='ltr'><strong>infir-</strong></span> 
     </span>
    </p>

    <p class='ocr_par' dir='ltr' id='par_1_25' title="bbox 79 2570 1293 2652">
     <span class='ocr_line' id='line_1_26' title="bbox 79 2570 1293 2652; baseline -0.002 -20"><span class='ocrx_word' id='word_1_227' title='bbox 79 2570 82 2575; x_wconf 85' lang='grc'><strong>’</strong></span> <span class='ocrx_word' id='word_1_228' title='bbox 187 2572 323 2633; x_wconf 76' lang='lat' dir='ltr'><strong>mitatem</strong></span> <span class='ocrx_word' id='word_1_229' title='bbox 347 2576 506 2636; x_wconf 85' lang='lat' dir='ltr'><strong>tractando</strong></span> <span class='ocrx_word' id='word_1_230' title='bbox 525 2576 639 2637; x_wconf 80' lang='lat' dir='ltr'><strong>civium</strong></span> <span class='ocrx_word' id='word_1_231' title='bbox 658 2574 773 2636; x_wconf 90' lang='lat' dir='ltr'><strong>animos</strong></span> <span class='ocrx_word' id='word_1_232' title='bbox 798 2575 926 2652; x_wconf 86' lang='lat' dir='ltr'><strong>erigere,</strong></span> <span class='ocrx_word' id='word_1_233' title='bbox 947 2593 1037 2651; x_wconf 78' lang='lat' dir='ltr'><strong>quam</strong></span> <span class='ocrx_word' id='word_1_234' title='bbox 1048 2574 1196 2651; x_wconf 84' lang='lat' dir='ltr'><strong>ignaviam</strong></span> <span class='ocrx_word' id='word_1_235' title='bbox 1213 2575 1293 2635; x_wconf 78' lang='lat' dir='ltr'><strong>obii-</strong></span> 
     </span>
    </p>

    <p class='ocr_par' dir='ltr' id='par_1_26' title="bbox 189 2655 1291 2740">
     <span class='ocr_line' id='line_1_27' title="bbox 189 2655 1291 2740; baseline 0.005 -24"><span class='ocrx_word' id='word_1_236' title='bbox 189 2655 298 2717; x_wconf 88' lang='lat' dir='ltr'><strong>ciendo</strong></span> <span class='ocrx_word' id='word_1_237' title='bbox 314 2655 505 2738; x_wconf 83' lang='lat' dir='ltr'><strong>hostiumque</strong></span> <span class='ocrx_word' id='word_1_238' title='bbox 533 2661 636 2740; x_wconf 83' lang='lat' dir='ltr'><strong>copias</strong></span> <span class='ocrx_word' id='word_1_239' title='bbox 659 2658 859 2719; x_wconf 86' lang='lat' dir='ltr'><strong>enumerando</strong></span> <span class='ocrx_word' id='word_1_240' title='bbox 881 2677 932 2716; x_wconf 90' lang='lat' dir='ltr'><strong>eos</strong></span> <span class='ocrx_word' id='word_1_241' title='bbox 956 2658 1135 2736; x_wconf 86' lang='lat' dir='ltr'><strong>opprimere.</strong></span> <span class='ocrx_word' id='word_1_242' title='bbox 1176 2660 1291 2721; x_wconf 86' lang='lat' dir='ltr'><strong>Tamen</strong></span> 
     </span>
    </p>

    <p class='ocr_par' dir='ltr' id='par_1_27' title="bbox 49 2736 1291 2825">
     <span class='ocr_line' id='line_1_28' title="bbox 49 2736 1291 2825; baseline 0.003 -26"><span class='ocrx_word' id='word_1_243' title='bbox 49 2767 50 2772; x_wconf 44' lang='lat'>¹</span> <span class='ocrx_word' id='word_1_244' title='bbox 188 2760 287 2820; x_wconf 86' lang='lat' dir='ltr'><strong>neque</strong></span> <span class='ocrx_word' id='word_1_245' title='bbox 303 2739 381 2803; x_wconf 86' lang='lat' dir='ltr'><strong>haee</strong></span> <span class='ocrx_word' id='word_1_246' title='bbox 400 2736 496 2805; x_wconf 83' lang='lat' dir='ltr'><strong>oratio</strong></span> <span class='ocrx_word' id='word_1_247' title='bbox 517 2743 687 2825; x_wconf 83' lang='lat' dir='ltr'><strong>opprobriis</strong></span> <span class='ocrx_word' id='word_1_248' title='bbox 715 2752 798 2804; x_wconf 88' lang='lat' dir='ltr'><strong>caret</strong></span> <span class='ocrx_word' id='word_1_249' title='bbox 818 2740 1014 2821; x_wconf 59' lang='lat' dir='ltr'><strong>gravhnmim</strong></span> <span class='ocrx_word' id='word_1_250' title='bbox 1045 2741 1083 2801; x_wconf 82' lang='lat' dir='ltr'><strong>cf.</strong></span> <span class='ocrx_word' id='word_1_251' title='bbox 1103 2751 1224 2821; x_wconf 85' lang='lat' dir='ltr'><strong>praeter</strong></span> <span class='ocrx_word' id='word_1_252' title='bbox 1243 2762 1291 2821; x_wconf 86' lang='lat' dir='ltr'><strong>sa,</strong></span> 
     </span>
    </p>

    <p class='ocr_par' dir='ltr' id='par_1_28' title="bbox 86 2825 1292 2908">
     <span class='ocr_line' id='line_1_29' title="bbox 86 2825 1292 2908; baseline 0.001 -25"><span class='ocrx_word' id='word_1_253' title='bbox 86 2829 88 2833; x_wconf 84' lang='lat'>&#39;</span> <span class='ocrx_word' id='word_1_254' title='bbox 191 2844 268 2903; x_wconf 86' lang='lat' dir='ltr'><strong>quas</strong></span> <span class='ocrx_word' id='word_1_255' title='bbox 287 2845 379 2908; x_wconf 84' lang='lat' dir='ltr'><strong>snpra</strong></span> <span class='ocrx_word' id='word_1_256' title='bbox 398 2833 571 2890; x_wconf 85' lang='lat' dir='ltr'><strong>notavimus</strong></span> <span class='ocrx_word' id='word_1_257' title='bbox 596 2850 627 2908; x_wconf 89' lang='lat' dir='ltr'><strong>p.</strong></span> <span class='ocrx_word' id='word_1_258' title='bbox 655 2833 705 2896; x_wconf 82' lang='lat'><strong>13.</strong></span> <span class='ocrx_word' id='word_1_259' title='bbox 730 2829 750 2887; x_wconf 81' lang='lat' dir='ltr'><strong>t</strong></span> <span class='ocrx_word' id='word_1_260' title='bbox 771 2831 823 2893; x_wconf 77' lang='grc'><strong>20.</strong></span> <span class='ocrx_word' id='word_1_261' title='bbox 845 2847 913 2906; x_wconf 87' lang='lat' dir='ltr'><strong>sqq.</strong></span> <span class='ocrx_word' id='word_1_262' title='bbox 933 2825 1007 2885; x_wconf 87' lang='lat' dir='ltr'><strong>ibid.</strong></span> <span class='ocrx_word' id='word_1_263' title='bbox 1030 2826 1051 2886; x_wconf 94' lang='lat' dir='ltr'><strong>l.</strong></span> <span class='ocrx_word' id='word_1_264' title='bbox 1077 2828 1127 2889; x_wconf 90' lang='grc'><strong>10.</strong></span> <span class='ocrx_word' id='word_1_265' title='bbox 1149 2846 1214 2907; x_wconf 86' lang='lat' dir='ltr'><strong>sqq.</strong></span> <span class='ocrx_word' id='word_1_266' title='bbox 1236 2829 1292 2889; x_wconf 89' lang='lat' dir='ltr'><strong>ubi</strong></span> 
     </span>
    </p>

    <p class='ocr_par' dir='ltr' id='par_1_29' title="bbox 191 2909 1118 2992">
     <span class='ocr_line' id='line_1_30' title="bbox 191 2909 1118 2992; baseline 0.003 -24"><span class='ocrx_word' id='word_1_267' title='bbox 191 2909 396 2972; x_wconf 82' lang='lat' dir='ltr'><strong>vehementius</strong></span> <span class='ocrx_word' id='word_1_268' title='bbox 413 2933 484 2973; x_wconf 87' lang='lat' dir='ltr'><strong>sane</strong></span> <span class='ocrx_word' id='word_1_269' title='bbox 495 2913 662 2989; x_wconf 88' lang='lat' dir='ltr'><strong>invehitur,</strong></span> <span class='ocrx_word' id='word_1_270' title='bbox 685 2932 773 2992; x_wconf 87' lang='lat' dir='ltr'><strong>quam</strong></span> <span class='ocrx_word' id='word_1_271' title='bbox 786 2910 871 2973; x_wconf 86' lang='lat' dir='ltr'><strong>initio</strong></span> <span class='ocrx_word' id='word_1_272' title='bbox 891 2918 993 2988; x_wconf 90' lang='lat' dir='ltr'><strong>aptum</strong></span> <span class='ocrx_word' id='word_1_273' title='bbox 1004 2910 1118 2971; x_wconf 89' lang='lat' dir='ltr'><strong>suisset.</strong></span> 
     </span>
    </p>

    <p class='ocr_par' dir='ltr' id='par_1_30' title="bbox 190 2992 1311 3244">
     <span class='ocr_line' id='line_1_31' title="bbox 203 2992 1311 3077; baseline 0.006 -28"><span class='ocrx_word' id='word_1_274' title='bbox 203 3045 206 3049; x_wconf 86' lang='lat'><strong>.</strong></span> <span class='ocrx_word' id='word_1_275' title='bbox 241 2995 402 3057; x_wconf 72' lang='lat' dir='ltr'><strong>‘Adiieitur</strong></span> <span class='ocrx_word' id='word_1_276' title='bbox 422 3007 530 3076; x_wconf 89' lang='lat' dir='ltr'><strong>postea</strong></span> <span class='ocrx_word' id='word_1_277' title='bbox 549 2998 645 3077; x_wconf 88' lang='lat' dir='ltr'><strong>ipsius</strong></span> <span class='ocrx_word' id='word_1_278' title='bbox 667 2995 796 3056; x_wconf 85' lang='lat' dir='ltr'><strong>debelii</strong></span> <span class='ocrx_word' id='word_1_279' title='bbox 820 2993 941 3072; x_wconf 87' lang='lat' dir='ltr'><strong>gerendi</strong></span> <span class='ocrx_word' id='word_1_280' title='bbox 960 2994 1094 3068; x_wconf 86' lang='lat' dir='ltr'><strong>ratione,</strong></span> <span class='ocrx_word' id='word_1_281' title='bbox 1115 2992 1154 3053; x_wconf 89' lang='lat' dir='ltr'><strong>de</strong></span> <span class='ocrx_word' id='word_1_282' title='bbox 1180 2993 1311 3076; x_wconf 78' lang='lat' dir='ltr'><strong>opibus</strong></span> 
     </span>
     <span class='ocr_line' id='line_1_32' title="bbox 191 3078 1293 3161; baseline 0.005 -24"><span class='ocrx_word' id='word_1_283' title='bbox 191 3081 400 3158; x_wconf 75' lang='lat' dir='ltr'><strong>comparandis</strong></span> <span class='ocrx_word' id='word_1_284' title='bbox 417 3081 496 3140; x_wconf 88' lang='lat' dir='ltr'><strong>etde</strong></span> <span class='ocrx_word' id='word_1_285' title='bbox 511 3083 619 3142; x_wconf 79' lang='lat' dir='ltr'><strong>ceteris</strong></span> <span class='ocrx_word' id='word_1_286' title='bbox 630 3082 662 3141; x_wconf 92' lang='lat' dir='ltr'><strong>in</strong></span> <span class='ocrx_word' id='word_1_287' title='bbox 674 3081 846 3142; x_wconf 86' lang='lat' dir='ltr'><strong>societatem</strong></span> <span class='ocrx_word' id='word_1_288' title='bbox 856 3078 1043 3140; x_wconf 85' lang='lat' dir='ltr'><strong>advocandis</strong></span> <span class='ocrx_word' id='word_1_289' title='bbox 1057 3079 1214 3158; x_wconf 85' lang='lat' dir='ltr'><strong>sententia,</strong></span> <span class='ocrx_word' id='word_1_290' title='bbox 1230 3099 1293 3161; x_wconf 82' lang='lat' dir='ltr'><strong>qua</strong></span> 
     </span>
     <span class='ocr_line' id='line_1_33' title="bbox 190 3161 757 3244; baseline 0.004 -22"><span class='ocrx_word' id='word_1_291' title='bbox 190 3161 229 3222; x_wconf 93' lang='lat' dir='ltr'><strong>de</strong></span> <span class='ocrx_word' id='word_1_292' title='bbox 242 3182 277 3222; x_wconf 86' lang='lat' dir='ltr'><strong>re</strong></span> <span class='ocrx_word' id='word_1_293' title='bbox 293 3182 384 3244; x_wconf 88' lang='lat' dir='ltr'><strong>supra</strong></span> <span class='ocrx_word' id='word_1_294' title='bbox 398 3164 520 3225; x_wconf 86' lang='lat' dir='ltr'><strong>uberius</strong></span> <span class='ocrx_word' id='word_1_295' title='bbox 535 3165 630 3228; x_wconf 88' lang='lat' dir='ltr'><strong>locuti</strong></span> <span class='ocrx_word' id='word_1_296' title='bbox 646 3184 757 3225; x_wconf 89' lang='lat' dir='ltr'><strong>sumus.</strong></span> 
     </span>
    </p>

    <p class='ocr_par' dir='ltr' id='par_1_31' title="bbox 150 3242 1298 3330">
     <span class='ocr_line' id='line_1_34' title="bbox 150 3242 1298 3330; baseline 0 -19"><span class='ocrx_word' id='word_1_297' title='bbox 150 3251 185 3311; x_wconf 80' lang='lat' dir='ltr'><strong>te</strong></span> <span class='ocrx_word' id='word_1_298' title='bbox 253 3242 316 3320; x_wconf 79' lang='lat' dir='ltr'><strong>Iam</strong></span> <span class='ocrx_word' id='word_1_299' title='bbox 341 3249 462 3308; x_wconf 90' lang='lat' dir='ltr'><strong>subiicit</strong></span> <span class='ocrx_word' id='word_1_300' title='bbox 478 3259 595 3327; x_wconf 86' lang='lat' dir='ltr'><strong>orator,</strong></span> <span class='ocrx_word' id='word_1_301' title='bbox 617 3269 766 3309; x_wconf 89' lang='lat' dir='ltr'><strong>summum</strong></span> <span class='ocrx_word' id='word_1_302' title='bbox 778 3247 932 3307; x_wconf 88' lang='lat' dir='ltr'><strong>imminere</strong></span> <span class='ocrx_word' id='word_1_303' title='bbox 946 3246 1132 3328; x_wconf 88' lang='lat' dir='ltr'><strong>periculum,</strong></span> <span class='ocrx_word' id='word_1_304' title='bbox 1153 3247 1213 3309; x_wconf 85' lang='lat' dir='ltr'><strong>nisi</strong></span> <span class='ocrx_word' id='word_1_305' title='bbox 1229 3246 1298 3330; x_wconf 85' lang='lat' dir='ltr'><strong>hoc.</strong></span> 
     </span>
    </p>

    <p class='ocr_par' dir='ltr' id='par_1_32' title="bbox 100 3330 1352 3589">
     <span class='ocr_line' id='line_1_35' title="bbox 100 3330 1352 3414; baseline 0.001 -22"><span class='ocrx_word' id='word_1_306' title='bbox 100 3390 112 3403; x_wconf 66' lang='lat'><strong>„</strong></span> <span class='ocrx_word' id='word_1_307' title='bbox 189 3330 296 3392; x_wconf 87' lang='lat' dir='ltr'><strong>ultimo</strong></span> <span class='ocrx_word' id='word_1_308' title='bbox 314 3334 457 3414; x_wconf 80' lang='lat' dir='ltr'><strong>temporis</strong></span> <span class='ocrx_word' id='word_1_309' title='bbox 476 3334 573 3413; x_wconf 83' lang='lat' dir='ltr'><strong>spatio</strong></span> <span class='ocrx_word' id='word_1_310' title='bbox 602 3354 652 3394; x_wconf 88' lang='lat' dir='ltr'><strong>res</strong></span> <span class='ocrx_word' id='word_1_311' title='bbox 670 3334 788 3393; x_wconf 79' lang='lat' dir='ltr'><strong>sortiter</strong></span> <span class='ocrx_word' id='word_1_312' title='bbox 809 3341 944 3409; x_wconf 84' lang='lat' dir='ltr'><strong>geratur:</strong></span> <span class='ocrx_word' id='word_1_313' title='bbox 977 3331 1208 3392; x_wconf 87' lang='lat' dir='ltr'><strong>discernendum</strong></span> <span class='ocrx_word' id='word_1_314' title='bbox 1230 3332 1293 3394; x_wconf 87' lang='lat' dir='ltr'><strong>iam</strong></span> <span class='ocrx_word' id='word_1_315' title='bbox 1350 3405 1352 3409; x_wconf 20' lang='grc' dir='ltr'>Ι</span> 
     </span>
     <span class='ocr_line' id='line_1_36' title="bbox 188 3415 1298 3494; baseline 0.001 -18"><span class='ocrx_word' id='word_1_316' title='bbox 188 3435 254 3476; x_wconf 87' lang='lat' dir='ltr'><strong>esse</strong></span> <span class='ocrx_word' id='word_1_317' title='bbox 261 3458 272 3493; x_wconf 94' lang='lat'><strong>,</strong></span> <span class='ocrx_word' id='word_1_318' title='bbox 292 3426 394 3477; x_wconf 77' lang='lat' dir='ltr'><strong>ntrtrm</strong></span> <span class='ocrx_word' id='word_1_319' title='bbox 408 3418 440 3478; x_wconf 90' lang='lat' dir='ltr'><strong>in</strong></span> <span class='ocrx_word' id='word_1_320' title='bbox 462 3416 581 3481; x_wconf 86' lang='lat' dir='ltr'><strong>hostico</strong></span> <span class='ocrx_word' id='word_1_321' title='bbox 607 3418 725 3479; x_wconf 88' lang='lat' dir='ltr'><strong>duobus</strong></span> <span class='ocrx_word' id='word_1_322' title='bbox 738 3415 919 3479; x_wconf 83' lang='lat' dir='ltr'><strong>exercitibus</strong></span> <span class='ocrx_word' id='word_1_323' title='bbox 932 3416 1106 3480; x_wconf 84' lang='lat' dir='ltr'><strong>bellandum</strong></span> <span class='ocrx_word' id='word_1_324' title='bbox 1126 3416 1182 3494; x_wconf 80' lang='lat' dir='ltr'><strong>sit,</strong></span> <span class='ocrx_word' id='word_1_325' title='bbox 1204 3437 1243 3479; x_wconf 87' lang='lat' dir='ltr'><strong>sn</strong></span> <span class='ocrx_word' id='word_1_326' title='bbox 1257 3419 1298 3483; x_wconf 85' lang='lat' dir='ltr'><strong>in</strong></span> 
     </span>
     <span class='ocr_line' id='line_1_37' title="bbox 188 3500 661 3589; baseline 0.013 -32"><span class='ocrx_word' id='word_1_327' title='bbox 188 3501 286 3580; x_wconf 82' lang='lat' dir='ltr'><strong>petria</strong></span> <span class='ocrx_word' id='word_1_328' title='bbox 300 3501 374 3580; x_wconf 87' lang='lat' dir='ltr'><strong>ipsa.</strong></span> <span class='ocrx_word' id='word_1_329' title='bbox 409 3500 431 3533; x_wconf 80' lang='lat'><strong>¹⁶</strong></span> <span class='ocrx_word' id='word_1_330' title='bbox 653 3564 661 3589; x_wconf 24' lang='grc' dir='ltr'>ἢ</span> 
     </span>
    </p>

    <p class='ocr_par' dir='ltr' id='par_1_33' title="bbox 254 3500 1294 3669">
     <span class='ocr_line' id='line_1_38' title="bbox 254 3500 1294 3669; baseline 0 -22"><span class='ocrx_word' id='word_1_331' title='bbox 254 3584 369 3663; x_wconf 76' lang='grc' dir='ltr'>Ωιιιιιι,</span> <span class='ocrx_word' id='word_1_332' title='bbox 391 3500 486 3665; x_wconf 52' lang='lat' dir='ltr'><strong>iuius</strong></span> <span class='ocrx_word' id='word_1_333' title='bbox 499 3587 530 3646; x_wconf 92' lang='lat' dir='ltr'><strong>in</strong></span> <span class='ocrx_word' id='word_1_334' title='bbox 545 3591 643 3669; x_wconf 82' lang='lat' dir='ltr'><strong>prima</strong></span> <span class='ocrx_word' id='word_1_335' title='bbox 659 3589 697 3651; x_wconf 89' lang='lat' dir='ltr'><strong>de</strong></span> <span class='ocrx_word' id='word_1_336' title='bbox 710 3587 851 3669; x_wconf 84' lang='lat' dir='ltr'><strong>Philippo</strong></span> <span class='ocrx_word' id='word_1_337' title='bbox 867 3585 1039 3666; x_wconf 88' lang='lat' dir='ltr'><strong>puniendo,</strong></span> <span class='ocrx_word' id='word_1_338' title='bbox 1060 3585 1093 3645; x_wconf 89' lang='lat' dir='ltr'><strong>in</strong></span> <span class='ocrx_word' id='word_1_339' title='bbox 1107 3584 1237 3645; x_wconf 88' lang='lat' dir='ltr'><strong>secunda</strong></span> <span class='ocrx_word' id='word_1_340' title='bbox 1252 3585 1294 3647; x_wconf 86' lang='lat' dir='ltr'><strong>de</strong></span> 
     </span>
    </p>

    <p class='ocr_par' dir='ltr' id='par_1_34' title="bbox 154 3666 1291 3750">
     <span class='ocr_line' id='line_1_39' title="bbox 154 3666 1291 3750; baseline 0.001 -22"><span class='ocrx_word' id='word_1_341' title='bbox 154 3666 158 3679; x_wconf 86' lang='lat'>&#39;</span> <span class='ocrx_word' id='word_1_342' title='bbox 189 3677 289 3744; x_wconf 87' lang='lat' dir='ltr'><strong>metu,</strong></span> <span class='ocrx_word' id='word_1_343' title='bbox 311 3689 348 3730; x_wconf 90' lang='lat' dir='ltr'><strong>ne</strong></span> <span class='ocrx_word' id='word_1_344' title='bbox 369 3669 442 3750; x_wconf 92' lang='lat' dir='ltr'><strong>quid</strong></span> <span class='ocrx_word' id='word_1_345' title='bbox 463 3670 632 3734; x_wconf 87' lang='lat' dir='ltr'><strong>detrimenti</strong></span> <span class='ocrx_word' id='word_1_346' title='bbox 656 3674 693 3735; x_wconf 88' lang='lat' dir='ltr'><strong>ab</strong></span> <span class='ocrx_word' id='word_1_347' title='bbox 715 3693 751 3733; x_wconf 90' lang='lat' dir='ltr'><strong>eo</strong></span> <span class='ocrx_word' id='word_1_348' title='bbox 775 3671 926 3750; x_wconf 82' lang='lat' dir='ltr'><strong>capiatur,</strong></span> <span class='ocrx_word' id='word_1_349' title='bbox 947 3669 1083 3731; x_wconf 85' lang='lat' dir='ltr'><strong>intortis</strong></span> <span class='ocrx_word' id='word_1_350' title='bbox 1102 3668 1230 3747; x_wconf 87' lang='lat' dir='ltr'><strong>denique</strong></span> <span class='ocrx_word' id='word_1_351' title='bbox 1249 3668 1291 3729; x_wconf 88' lang='lat' dir='ltr'><strong>de</strong></span> 
     </span>
    </p>

    <p class='ocr_par' dir='ltr' id='par_1_35' title="bbox 190 3752 1292 3836">
     <span class='ocr_line' id='line_1_40' title="bbox 190 3752 1292 3836; baseline 0.002 -23"><span class='ocrx_word' id='word_1_352' title='bbox 190 3754 350 3814; x_wconf 87' lang='lat' dir='ltr'><strong>certamine</strong></span> <span class='ocrx_word' id='word_1_353' title='bbox 368 3775 466 3814; x_wconf 86' lang='lat' dir='ltr'><strong>sermo</strong></span> <span class='ocrx_word' id='word_1_354' title='bbox 487 3755 557 3830; x_wconf 81' lang='lat' dir='ltr'><strong>fist,</strong></span> <span class='ocrx_word' id='word_1_355' title='bbox 586 3778 648 3836; x_wconf 89' lang='lat' dir='ltr'><strong>quo</strong></span> <span class='ocrx_word' id='word_1_356' title='bbox 667 3758 717 3819; x_wconf 85' lang='lat' dir='ltr'><strong>vel</strong></span> <span class='ocrx_word' id='word_1_357' title='bbox 742 3754 943 3829; x_wconf 87' lang='lat' dir='ltr'><strong>vincendum,</strong></span> <span class='ocrx_word' id='word_1_358' title='bbox 972 3755 1022 3814; x_wconf 77' lang='lat' dir='ltr'><strong>vel</strong></span> <span class='ocrx_word' id='word_1_359' title='bbox 1037 3774 1151 3812; x_wconf 90' lang='lat' dir='ltr'><strong>summo</strong></span> <span class='ocrx_word' id='word_1_360' title='bbox 1173 3752 1292 3831; x_wconf 81' lang='lat' dir='ltr'><strong>patrius</strong></span> 
     </span>
    </p>

    <p class='ocr_par' dir='ltr' id='par_1_36' title="bbox 188 3837 1294 3999">
     <span class='ocr_line' id='line_1_41' title="bbox 188 3837 1294 3919; baseline 0.005 -23"><span class='ocrx_word' id='word_1_361' title='bbox 188 3838 324 3918; x_wconf 86' lang='lat' dir='ltr'><strong>periculo</strong></span> <span class='ocrx_word' id='word_1_362' title='bbox 352 3839 549 3918; x_wconf 87' lang='lat' dir='ltr'><strong>pugnandum</strong></span> <span class='ocrx_word' id='word_1_363' title='bbox 572 3843 624 3919; x_wconf 72' lang='lat' dir='ltr'><strong>sit,</strong></span> <span class='ocrx_word' id='word_1_364' title='bbox 658 3844 737 3903; x_wconf 83' lang='lat' dir='ltr'><strong>inter</strong></span> <span class='ocrx_word' id='word_1_365' title='bbox 763 3859 881 3918; x_wconf 81' lang='lat' dir='ltr'><strong>omnes,</strong></span> <span class='ocrx_word' id='word_1_366' title='bbox 914 3838 1130 3919; x_wconf 72' lang='lat' dir='ltr'><strong>Dionysimum</strong></span> <span class='ocrx_word' id='word_1_367' title='bbox 1154 3837 1294 3909; x_wconf 59' lang='lat' dir='ltr'><strong>ordinem,</strong></span> 
     </span>
     <span class='ocr_line' id='line_1_42' title="bbox 189 3925 792 3999; baseline 0.007 -17"><span class='ocrx_word' id='word_1_368' title='bbox 189 3940 297 3997; x_wconf 77' lang='lat' dir='ltr'><strong>verum</strong></span> <span class='ocrx_word' id='word_1_369' title='bbox 313 3943 392 3999; x_wconf 88' lang='lat' dir='ltr'><strong>esse,</strong></span> <span class='ocrx_word' id='word_1_370' title='bbox 414 3925 485 3986; x_wconf 80' lang='lat' dir='ltr'><strong>sutis</strong></span> <span class='ocrx_word' id='word_1_371' title='bbox 499 3936 635 3989; x_wconf 82' lang='lat' dir='ltr'><strong>constare</strong></span> <span class='ocrx_word' id='word_1_372' title='bbox 647 3926 792 3990; x_wconf 75' lang='lat' dir='ltr'><strong>exbtimo.</strong></span> 
     </span>
    </p>
   </div>
   <div class='ocr_carea' id='block_1_4' title="bbox 637 4177 840 4200">
    <p class='ocr_par' dir='ltr' id='par_1_37' title="bbox 637 4177 840 4200">
     <span class='ocr_line' id='line_1_43' title="bbox 637 4177 840 4200; baseline 0.005 -4"><span class='ocrx_word' id='word_1_373' title='bbox 637 4177 840 4200; x_wconf 60' lang='grc' dir='ltr'><strong>Δ*</strong></span> 
     </span>
    </p>
   </div>
   <div class='ocr_carea' id='block_1_5' title="bbox 0 0 1388 4724">
    <p class='ocr_par' dir='ltr' id='par_1_38' title="bbox 0 0 1388 4724">
     <span class='ocr_line' id='line_1_44' title="bbox 0 0 1388 4724; baseline 0 0"><span class='ocrx_word' id='word_1_374' title='bbox 0 0 1388 4724; x_wconf 95' lang='lat' dir='ltr'><strong> </strong></span> 
     </span>
    </p>
   </div>
  </div>
 </body>
</html>
