2768 4724
116 194 245 320 ''eee
403 216 963 284 &aanorarlouesv
1082 299 1092 317 s

164 399 196 462 ο.
212 390 352 471 lienique
361 402 378 469 ,'
391 398 421 449 et
436 387 498 450 hoe
511 385 585 449 mihi
596 386 717 452 ridetur
729 391 1113 469 invictnm'argumetrmm,
1134 387 1256 468 Diony*
1376 384 1378 389 ’

163 474 231 537 sius
240 465 482 535 Halicarnasseus
495 475 609 553 liquido
624 476 717 550 dicit,
737 485 863 549 sextam,
883 475 945 535 imo
963 475 1097 553 quintam
1110 471 1256 552 Philippi-

106 598 109 603 ·
166 580 247 635 cam,
268 558 372 619 haberi
385 558 421 618 de
437 559 573 619 crsetodia
590 560 765 620 insularium
785 569 817 641 et
833 561 989 618 civitatum
1005 560 1037 617 in
1050 558 1255 661 Hellesponto,

163 639 232 724 περ]
248 649 302 724 τῆς
313 640 684 723 φνῖννῆςτνῖννηὰιωταῖν
700 645 751 708 aet
766 651 827 709 τοῖν
838 643 877 707 ἓν·
886 636 1102 723 Ἑλλησπόντῳ
1118 647 1256 705 solenes

165 729 204 791 de
217 727 267 788 his
279 737 378 789 autem
390 727 510 787 omnino
521 728 590 788 silet
600 731 658 789 ista
672 727 856 810 Philippica,
893 747 984 807 quam
1000 724 1101 787 textus
1123 725 1167 787 'ait
1180 725 1256 785 inci
1349 764 1361 773 ‹-

163 832 238 893 pere
270 806 309 877 “A
333 809 387 892 μὲν
404 806 501 890 ἡμεῖς.
544 812 797 875 Verisimilllmum
825 822 870 873 est
892 811 985 889 igitur
1003 811 1138 893 amissam
1161 809 1255 869 fuisse

165 897 295 976 aliquam
310 895 514 955 Demosthenis
526 895 722 978 Philippicarn
735 898 771 958 de
786 896 843 957 hac
862 917 895 958 re
910 895 1061 971 habitam,
1090 913 1168 975 quae
1178 892 1265 953 <Diem

164 980 242 1061 nysii
256 990 352 1041 aetate
366 990 528 1060 supererat.
570 985 621 1041 Sic
634 983 686 1041 ille
706 981 811 1045 rhetor
833 981 1015 1061 mentionem
1035 981 1108 1039 facit
1126 979 1253 1039 alieuius

165 1065 322 1140 orationis,
353 1082 427 1144 quae
441 1066 499 1125 iam
511 1087 573 1126 uon
587 1075 685 1142 extat,
720 1066 753 1126 in
774 1087 834 1147 qua
850 1063 1060 1125 Demosthenes
1077 1063 1254 1124 defendebat

165 1171 198 1213 ee
212 1150 289 1210 dona
302 1169 365 1208 non
378 1153 546 1228 accepisse,
571 1150 713 1211 videlicet
730 1150 767 1210 ab
787 1150 928 1232 Harpalo.
971 1151 1076 1229 Itaque
1097 1167 1163 1228 pag.
1177 1144 1252 1205 LIV.

44 1282 48 1289 .
162 1234 216 1295 tte.
236 1234 345 1294 ultima
375 1234 513 1294 editionis
541 1234 702 1295 Wolfianae
733 1240 825 1302 1604.
853 1232 926 1293 mihi
949 1234 1070 1294 videtur
1096 1230 1254 1310 legendum

162 1318 300 1407 μὲμνντην
320 1337 375 1397 pro
398 1317 500 1404 ἕντην,
522 1328 552 1380 ot
571 1341 602 1400 p.
624 1338 707 1400 sequ.
728 1320 779 1380 tin.
802 1327 832 1386 2.
854 1339 910 1399 pro
923 1313 964 1380 “A
983 1315 1037 1401 μὲν
1056 1308 1141 1397 ἡμεῖς
1161 1315 1253 1374 debe-

163 1412 213 1465 ret
224 1423 289 1463 esse
305 1402 424 1483 initium
437 1402 501 1462 eiua
525 1423 601 1482 quae
620 1406 711 1485 periit
728 1403 928 1485 Philippicae,
951 1412 981 1462 et
1000 1399 1253 1482 quaehabebatur

163 1486 297 1570 περὶτῆς
310 1489 523 1565 pelamis-seir
537 1494 692 1566 νησιωῑοῖν
705 1489 757 1552 sel
769 1495 828 1551 seir
845 1488 878 1552 ἐν
889 1481 1102 1569 Ἡλησπόννῳ
1122 1478 1251 1549 nitens.

163 1591 273 1633 aneas.
315 1569 430 1629 Novam
446 1569 518 1631 hine
539 1572 701 1632 orationem
723 1573 855 1652 incipero
875 1580 946 1653 post
966 1568 1130 1631 halendum
1150 1577 1181 1628 et
1202 1566 1254 1626 Ia·
1343 1618 1346 1622 ,

105 1662 114 1677 ’
163 1656 298 1717 sabaium
313 1655 419 1718 statuit
433 1656 611 1732 Riidigerus.
654 1657 690 1717 V.
713 1658 776 1717 eius
795 1656 922 1737 praefat
943 1676 974 1736 p.
996 1654 1076 1714 VIII.
1099 1663 1130 1713 et
1143 1652 1254 1712 Prole-

163 1761 241 1821 gom.
259 1742 293 1819 sp.
316 1743 364 1804 14.
389 1758 428 1796 sa.
443 1740 474 1816 *)
516 1739 659 1800 Dissentit
670 1741 807 1801 Bromius
821 1743 854 1800 in
872 1739 1078 1800 dissertatione
1092 1734 1153 1796 hoc
1162 1735 1254 1795 titulo

162 1824 322 1904 inscripta:
362 1820 423 1881 Dea
442 1821 647 1885 Barnosthenes
667 1839 739 1884 erate
759 1822 957 1907 Philippiscbe
968 1818 1051 1883 Rede
1070 1823 1109 1881 ist
1130 1816 1255 1879 nurEia

32 1924 40 1945 ‘
164 1904 288 1969 Genzee.
310 1924 385 1986 quae
398 1905 512 1985 legitur
524 1905 636 1968 inserta
649 1911 742 1969 Tomo
762 1909 786 1967 Ι.
817 1909 1026 1988 symbolarum
1046 1903 1253 1983 Philologieq-

51 2014 57 2024 “
163 1989 474 2054 rum-Helvetiorum
494 2012 524 2071 p.
548 1996 599 2058 21.
621 2014 660 2053 ss.
700 1989 932 2074 (Philologa'sehe
949 1991 1094 2070 Beytra'ige
1117 2010 1171 2047 uus
1200 1984 1252 2045 der

163 2075 304 2139 Setaea.
340 2071 581 2156 Hererasgegehen
599 2098 657 2137 von
675 2074 713 2144 ,1.
740 2082 781 2139 Η.
810 2075 912 2136 Βνινιί
940 2073 1003 2136 und
1021 2073 1063 2136 L.
1082 2067 1250 2133 Dtdaertetn.

161 2158 262 2244 Hester
278 2155 379 2219 Bend.
401 2158 523 2219 Za'ir'icb.
545 2165 638 2227 1819.
660 2162 706 2238 8.)
754 2161 858 2241 Neque
879 2159 1007 2238 iniuria,
1045 2157 1169 2240 opinor,
1202 2153 1253 2217 vit·

162 2243 296 2326 egregius
309 2242 455 2302 dissentit
476 2262 636 2321 semma.
655 2275 657 2279 ,

224 2345 258 2404 P·
280 2348 331 2411 48.
353 2362 383 2402 v·
407 2332 457 2409 1'6.
476 2339 522 2410 “A
541 2346 595 2426 μὲν
616 2340 719 2428 ἡμεῖς]
757 2345 886 2407 Talentis
909 2348 950 2413 92
972 2346 1037 2407 sore
1061 2363 1137 2426 opus
1156 2341 1249 2402 dixit:

160 2448 254 2513 quae,
275 2431 321 2487 uti
337 2428 494 2509 probabile
512 2439 575 2507 eat,
595 2432 728 2513 populus
743 2432 881 2511 conquiri
893 2430 1010 2501 ¹iussita
1031 2427 1249 2513 quaestoribus,

160 2513 215 2593 qai
229 2511 343 2573 ratione
359 2515 433 2574 inita
450 2526 653 2594 exposuerunt
660 2560 670 2594 ,
698 2516 779 2577 unde
801 2536 835 2575 ea
860 2517 988 2594 pecunia
1008 2515 1138 2595 petenda
1162 2519 1249 2572 esset.

161 2598 319 2675 Catalogus
339 2606 437 2657 autern
453 2599 491 2658 de
510 2601 640 2679 scripto,
669 2608 703 2659 ut
724 2609 864 2682 apparet,
886 2602 1028 2658 recitatus
1046 2598 1097 2658 hic
1110 2606 1250 2678 praeter-

159 2682 269 2742 missus
293 2690 360 2757 est,
388 2688 424 2742 ut
439 2691 469 2741 et
490 2680 570 2761 leges
587 2693 619 2744 et
635 2682 755 2744 decreta
778 2695 808 2743 et
830 2678 998 2743 testimonia
1018 2693 1048 2741 et
1065 2683 1122 2742 alia
1135 2681 1249 2759 scripta
1325 2680 1328 2685 ’

161 2767 333 2847 oemplura:
356 2786 432 2847 quae
450 2766 537 2825 nobie
555 2788 612 2827 nec
632 2768 766 2843 inutilia,
787 2789 843 2828 nec
865 2767 1027 2827 iniucunda
1046 2768 1128 2828 lectu
1142 2771 1249 2839 essent,

160 2851 187 2912 si
201 2859 360 2911 exstarent.
389 2869 488 2911 tvour.
538 2845 584 2915 “A
604 2851 658 2932 μὲν
679 2842 734 2916 οὖν
755 2848 840 2933 ἡμεῖς
860 2851 1056 2927 Pithoeanus,
1094 2849 1249 2930 appendix

159 2929 410 3009 Francosurtana,
445 2935 554 2995 Aldina
575 2936 714 3016 Taylori,
751 2947 840 3016 atque
868 2935 948 2996 idam
968 2937 1066 3001 votuit
1085 2935 1247 2994 Vossianus

160 3039 296 3100 quoque,
318 3019 425 3098 quisic
439 3017 571 3079 exhibet:
586 3014 632 3083 “A
646 3009 701 3084 ode
711 3019 765 3101 ple
779 3017 873 3100 ἡμεῖς.
894 3040 990 3079 uetere.
1023 3018 1172 3081 Particula
1188 3006 1248 3081 cdv

158 3102 235 3165 haec
252 3103 458 3182 superioribus
479 3105 589 3163 arctius
610 3105 734 3184 iungens
750 3105 872 3164 videtur
896 3103 933 3163 ab
953 3105 1079 3165 Oratore
1099 3102 1246 3184 prolecta.

157 3188 241 3248 Talia
257 3187 372 3246 scribae
386 3189 555 3266 saepiseune
571 3191 734 3269 omittunt,
755 3187 913 3264 rarissime,
934 3192 1117 3268 siunquam,
1139 3187 1176 3246 de
1191 3206 1247 3246 suo

158 3272 281 3332 statue
304 3291 463 3331 acuamus.

218 3372 253 3432 P·
274 3374 325 3438 48.
346 3391 376 3431 V·
400 3376 448 3438 16·
464 3369 677 3454 Ιδεδυνήμεθα]
701 3368 859 3456 δυνάμεθα
873 3375 967 3434 Paria.
989 3373 1120 3454 quintus.
1162 3368 1247 3434 Idem

126 3495 137 3507 „
156 3456 190 3522 iu
203 3454 278 3534 Aug.
298 3456 382 3528 ,tertii
395 3457 526 3535 margine
540 3468 585 3517 est
597 3458 781 3538 adscriptmn
794 3479 863 3518 eum
874 3484 920 3542 pp.
943 3478 1040 3539 naret.

219 3556 253 3618 P·
274 3561 326 3623 48.
349 3574 379 3617 v·
402 3564 451 3623 17.
479 3553 601 3621 teatio
623 3549 653 3622 δ’
676 3559 908 3640 ἐπιχειροτονῆτε
934 3554 988 3633 τὰς
1012 3555 1145 3642 γνώμας]
1174 3578 1246 3618 cum

157 3643 317 3703 smtentias
344 3638 490 3721 suffragiis
513 3639 621 3701 vestris
636 3645 920 3722 comprobaveritis,
955 3645 1036 3704 sacta
1055 3643 1245 3704 discessione.

157 3726 248 3788 Verbi
268 3744 375 3801 cauea,
403 3726 535 3785 ‹Eversas
552 3728 711 3787 sententias
731 3728 862 3791 dixerint
879 3728 1107 3801 Demosthenes,
1136 3729 1247 3787 Demu-

157 3810 228 3885 des,
250 3809 391 3870 Phocion.
433 3808 494 3882 Qui
505 3808 715 3890 igiturplurss
736 3833 752 3871 e
771 3816 885 3894 populo
910 3833 1077 3874 assensores
1096 3811 1245 3890 habuerit,

155 3889 297 3975 rodcausi
311 3888 415 3976 γνώμη
430 3893 693 3977 ἐπιχειροτονεῖτνν.
714 3916 813 3959 seem.

156 4047 361 4085 ..,........

224 4144 249 4212 *)
266 4142 432 4224 Philippique
444 4147 468 4200 J.
481 4142 675 4225 appendicem,
691 4159 763 4219 qtrae
780 4162 814 4199 ex
830 4137 885 4199 alia
896 4147 1027 4200 <oratione
1043 4154 1133 4201 mnata
1149 4145 1244 4200 videa·

254 4216 409 4338 :21ququ
433 4214 597 4285 Ferbrgerus
620 4232 648 4285 p.
666 4216 707 4272 t&
724 4214 889 4270 Prolusionis
906 4218 1006 4271 citatae
1023 4217 1059 4272 ed
1080 4235 1108 4288 p.
1125 4216 1176 4284 23,
1201 4217 1244 4272 15.
1300 4292 1302 4295 ι
