2768 4724
175 204 239 271 808
360 200 362 205 ’
535 194 906 264 ΔΝΝΟΤΔΤῙΟΝΕΒ
942 190 952 203 “

174 384 254 432 snm.
274 361 354 443 ὄπ’,
374 365 413 427 de
428 386 489 446 quo
502 365 566 427 illic
578 364 705 448 scripsi,
724 386 785 428 non
802 368 912 429 mirum
936 360 983 431 est
1000 364 1140 429 lslsrsrios
1159 364 1193 430 in
1208 364 1231 432 ἅ
1241 354 1268 433 τ’

175 464 212 517 ut
230 454 289 513 sibi
305 455 400 512 multo
417 452 519 511 notius
538 453 719 530 corrupisse.
762 451 853 524 Quod
872 472 941 513 cum
965 452 1035 513 olibi
1056 453 1183 530 occidit,
1206 463 1272 513 tuns

174 538 287 623 psssim
305 539 338 597 in
359 537 467 596 Guleni
488 534 589 610 libris,
610 536 664 594 ubi
678 554 780 596 veram
794 537 972 616 scripturam
983 538 1015 596 in
1031 538 1102 599 edit.
1116 539 1272 617 lips-oli-

174 624 292 729 duoties
314 621 472 682 restituere
495 621 625 680 memini.
668 620 767 678 Minus
794 621 883 680 etism
908 622 1081 697 miraberis,
1111 621 1270 701 Trugicusn
1336 628 1338 632 ’

174 703 247 773 ια’
260 706 363 767 eedem
383 706 421 764 de
440 724 531 765 ceusu
551 698 617 767 int*
629 697 663 768 σ’
678 705 872 785 deprauatum
894 726 968 765 esse.
1012 704 1176 787 Sophocles
1192 706 1270 769 Oed.
1372 696 1375 703 ¹

174 792 296 856 1425.
309 791 362 850 Br.
375 784 397 851 ἅ
415 780 449 852 o'
462 782 597 864 δξισιὶσει
608 789 657 852 ool
672 812 702 852 τε
717 789 769 852 seul
786 796 850 861 τοῖς
864 797 931 864 σοῖς
950 787 1074 865 ιὲιινοις.
1096 791 1270 852 Dindorfius
1309 793 1314 803 “

174 875 346 954 in'prset'et.
367 871 408 932 sd
428 872 499 932 edit.
510 873 610 932 Elmsl.
622 872 702 952 Lips.
714 893 745 951 p.
762 873 874 931 XXII.:
896 867 997 948 „deo'
1009 870 1141 951 ἐξισώσει
1158 876 1271 935 Perso-

172 978 232 1020 uus
251 957 333 1038 opud
353 957 468 1037 Moltby
489 957 529 1016 sd
548 956 665 1016 Mosell.
677 958 747 1016 Lex.
763 957 887 1016 Prosod.
908 979 939 1038 p.
954 959 1025 1024 159.
1039 962 1067 1035 *)
1109 958 1269 1021 Librorum

173 1043 308 1104 omnium
320 1041 470 1120 scripture
488 1033 556 1104 is'o'
570 1036 703 1115 ἐξισώσει
722 1051 767 1100 est
790 1040 979 1101 senissims.“
1012 1043 1106 1103 lmtno
1126 1056 1270 1125 corrupte

172 1137 235 1204 est,
258 1125 380 1205 siquid
405 1133 536 1204 usqusm'
553 1134 661 1204 stupor
683 1125 819 1205 corrupit
844 1127 1024 1202 scribarum,
1057 1128 1268 1208 Personusque

172 1211 285 1294 poetod
301 1229 422 1268 monum
442 1207 645 1290 emendatione
663 1208 813 1268 lenissime
836 1211 978 1270 restituit.
1022 1211 1168 1272 Videlicet
1181 1214 1268 1273 Tire·

128 1362 131 1367 ,
171 1316 250 1440 ιὸριὼ
250 1303 409 1392 postquam
423 1293 719 1436 intentedcdentilius
734 1293 811 1413 dixit
823 1293 861 1353 ‹ls
873 1296 958 1354 molis
965 1337 986 1394 ,Ι
1000 1315 1077 1376 quse
1088 1286 1191 1440 ”dludi
1197 1307 1268 1396 sunt

170 1390 1160 1542 ontzttttfntttt.''stt’stttttf'ttttlte
1169 1402 1224 1529 ll
1237 1390 1268 1528 ἶῖ

95 1568 99 1576 “
170 1549 223 1614 seul
234 1554 298 1620 ιοῖς
311 1554 376 1620 σοῖς
389 1547 513 1621 τέκνοις,
529 1567 605 1628 quoe
618 1544 861 1628 exsequebantur
874 1551 950 1613 inter
969 1563 998 1607 se
1015 1562 1137 1632 tuosque
1150 1545 1266 1624 liberm,

168 1630 202 1695 lt.
217 1655 244 1695 e.
258 1652 334 1712 quae
345 1634 457 1712 puriter
471 1627 607 1691 occident
619 1628 674 1688 sihi
686 1631 801 1711 tuisque
816 1628 923 1691 liberis.
960 1632 1155 1710 Intelligendo
1169 1643 1268 1693 sutem
1378 1676 1382 1683 -

171 1739 206 1780 es
224 1717 319 1789 mole,
340 1735 418 1793 „quae
441 1723 624 1794 pepererunt
643 1713 752 1792 Oedipi
775 1707 845 1791 ἀραὶ
860 1707 1068 1780 ἇνοσιώςαται,
1108 1717 1266 1793 muntii,

169 1802 230 1865 viri
257 1799 361 1882 optimi
369 1841 385 1882 ,¹
405 1798 614 1877 interpretatio
636 1797 773 1874 vulgatae
796 1799 912 1860 illustro
936 1811 980 1861 est
1003 1801 1175 1881 exemplum
1192 1823 1267 1862 con-

166 1894 266 1975 'tonse
279 1882 459 1963 omninoque
471 1882 598 1943 infelicis
613 1881 877 1962 interpretationis.
898 1905 1058 1945 scissurus.
1155 1938 1160 1945 .

231 1988 266 2049 Ρ.
278 1991 340 2053 37.
360 2004 389 2045 v.
414 1990 462 2051 12·
484 1979 535 2065 dv]
558 1983 653 2043 Abest
665 1984 703 2042 eb
713 1983 790 2063 lug.
806 1987 938 2047 secundo
954 1999 986 2049 et
999 1985 1153 2066 Dionysio.
1165 2007 1262 2051 ssssx.
1342 2048 1345 2055 ,
1362 2036 1365 2043 .

230 2091 263 2148 r.
285 2092 336 2155 ιι.
356 2106 385 2147 v.
409 2093 458 2155 ιε.
478 2085 529 2168 es]
553 2066 755 2146 essaenos.
771 2086 804 2144 r.
821 2085 947 2146 uiuunt
960 2088 1177 2150 erronem..
1205 2091 1265 2153 see

166 2185 213 2236 est
228 2173 260 2234 in
272 2171 383 2233 Horlei.
404 2191 501 2233 nsrsx.
543 2170 712 2230 &ticulum
726 2171 827 2229 omisit
842 2171 989 2248 Augerus.
1010 2193 1167 2234 scusrrss.
1201 2219 1204 2224 -

165 2292 171 2299 ·
229 2277 262 2336 Ρ.
284 2279 335 2340 37.
357 2293 389 2332 v·
414 2280 464 2341 13.
485 2270 577 2351 ἔχειν]
608 2272 680 2329 Post
697 2269 774 2350 ἔχειν
786 2280 844 2331 stet
861 2271 935 2349 siglo
951 2269 1026 2331 haec
1039 2272 1072 2332 in
1089 2274 1263 2352 Augustsno

126 2382 145 2435 ·,
164 2363 272 2438 tertio,
288 2350 401 2434 1ειισΠ,
422 2357 564 2438 utrinque
575 2363 690 2436 puncto
713 2355 829 2434 singulo
849 2366 947 2437 septo:
977 2358 1061 2437 quod
1080 2358 1266 2440 interpretor

164 2447 309 2527 δκίλογος.
332 2464 430 2504 uersu.
706 2462 709 2467 ·
882 2458 887 2467 ‘
955 2473 965 2497 o

226 2532 260 2589 P.
283 2533 333 2595 37.
356 2548 385 2588 v.
413 2533 462 2594 13.
483 2523 596 2605 ταῦτα]
624 2526 702 2585 Puto
718 2525 783 2603 regi
798 2524 836 2584 ab
854 2517 976 2588 εἰπόντι.
1006 2525 1102 2604 Vulgo
1118 2537 1153 2587 ut
1165 2528 1264 2588 norni-

164 2614 298 2677 nativum
325 2613 365 2671 ed
385 2607 484 2695 βλάβη
512 2612 663 2712 κῶπαι,
692 2611 761 2712 'Sed
788 2619 985 2690 opponuntur
1004 2609 1084 2670 inter
1106 2632 1138 2671 se
1154 2619 1263 2676 »susim

162 2698 276 2766 slssdm
290 2708 319 2758 et
332 2702 390 2762 τῶν
402 2692 613 2777 πεποιηκότων
626 2719 711 2758 eveo.
734 2715 893 2754 seruerim.

182 2795 184 2800 ’
225 2801 258 2860 Ρ.
281 2805 331 2866 37.
353 2821 382 2859 v.
407 2803 456 2864 13.
479 2791 644 2881 Δήμητρα]
672 2790 837 2879 Δήμητραν
857 2798 931 2875 Aug.
952 2795 1119 2870 secundus,
1149 2796 1261 2859 Harlei.

62 2932 76 2959 s
163 2885 246 2964 quod
266 2885 352 2942 facile
367 2891 475 2963 pinget
492 2881 688 2940 creberrimus
708 2901 790 2940 usus.
812 2901 909 2940 sessu.
952 2880 1033 2940 llaec
1057 2881 1152 2940 formo
1170 2903 1261 2942 accu—
1320 2946 1330 2961 ,

161 2970 250 3029 sntivi
264 2978 325 3026 tom
338 2969 526 3047 frequenter,
554 2966 641 3025 etiam
655 2966 685 3023 in
700 2966 784 3026 libris
806 2965 900 3024 bonae
920 2975 1029 3039 notae,
1054 2968 1202 3040 occurrit,
1223 2976 1261 3024 ut

161 3052 303 3113 damnare
318 3072 380 3111 esm
395 3050 564 3110 subveresr.
596 3050 741 3127 Exempla
759 3049 906 3109 dederunt:
916 3049 1119 3109 Boissonedus
1131 3051 1170 3109 ad
1182 3051 1259 3109 Pro-

161 3136 243 3196 cl'um
254 3157 286 3216 p.
305 3141 356 3202 96.
375 3144 404 3197 et
415 3134 567 3195 Dobreeus
590 3133 629 3194 od
644 3132 837 3213 Aristophon.
851 3135 931 3193 Plut.
948 3154 981 3214 p.
999 3137 1049 3198 61.
1065 3153 1088 3192 s.
1105 3132 1152 3194 ed.
1169 3133 1257 3194 Dind.

161 3239 321 3280 scussssn.

222 3305 255 3364 P.
279 3309 330 3370 37.
351 3322 381 3364 v.
404 3304 454 3370 15.
475 3302 598 3384 μείζων]
621 3326 667 3388 γρ.
683 3300 1044 3382 pettovl’ans.secundus
1060 3311 1090 3360 et
1103 3301 1256 3382 septimus.

159 3389 210 3448 stc
224 3400 255 3449 et
268 3388 344 3466 Aug.
361 3388 475 3467 primus
496 3397 526 3446 et
544 3390 651 3448 Bevsr.
662 3433 671 3464 ,
692 3387 746 3448 sed
767 3387 818 3446 hio
840 3391 871 3447 in
898 3396 1000 3460 texto,
1021 3387 1143 3464 vulgate
1165 3406 1258 3465 super

158 3490 249 3545 versu
264 3475 386 3553 scriptu.
428 3472 497 3532 Psri
511 3474 601 3532 modo
617 3472 693 3550 Aug.
710 3472 817 3532 tertius
839 3473 893 3530 dot
908 3491 922 3530 e
940 3470 1126 3530 correctione
1147 3475 1258 3549 μεῖζον,

155 3558 306 3618 venustior
333 3557 412 3617 enim
434 3576 539 3615 monus
566 3558 719 3635 vulgatam
742 3556 861 3616 dedisse
893 3555 1023 3615 videtur.
1066 3555 1259 3632 Augustanus

155 3643 308 3702 'secundus
329 3642 383 3702 det
406 3643 509 3718 μείζω,
532 3641 614 3719 quod
635 3643 680 3699 sic
696 3640 770 3700 ferri
790 3649 906 3721 potest,
927 3649 962 3698 ut
982 3633 1079 3722 βλάβη
1099 3639 1139 3696 sit
1159 3638 1259 3699 nomi-
1307 3692 1310 3707 ,

157 3727 280 3788 nativus
303 3725 431 3806 pluralis
452 3746 470 3783 s
491 3724 609 3784 nomine
630 3725 817 3785 substantivo
837 3726 953 3803 generis
979 3723 1114 3782 neutrius
1134 3720 1258 3802 βλάβος.
1303 3741 1305 3745 ·

157 3829 254 3872 rursu.
297 3811 456 3887 vulgatum
483 3828 521 3866 ne
551 3810 691 3869 solicites.
722 3803 835 3891 βλάβος
857 3828 919 3868 non
943 3816 1017 3888 puto
1042 3806 1175 3882 vulgaris
1204 3807 1258 3866 itte

20 3902 28 3911 '
69 3927 72 3931 ·
158 3906 256 3957 estete
278 3894 422 3957 sermonis
441 3892 550 3953 fuisse:
582 3894 665 3974 quod
688 3896 766 3954 enim
779 3915 810 3973 p.
830 3893 903 3966 628,
919 3896 948 3957 2.
964 3887 1000 3953 τὸ
1013 3883 1123 3971 βλάβος
1135 3889 1256 3967 legitur,

158 3988 290 4041 tumturn
312 3990 359 4041 est
380 3999 396 4038 e
417 3977 548 4040 formula
565 3978 640 4058 legis
663 3976 847 4040 vetustioris.
888 3974 988 4036 Minus
1013 3975 1103 4036 etism
1128 3976 1257 4037 usitatus

225 4196 252 4264 *)
269 4194 301 4247 V.
317 4195 410 4266 ipsum
425 4192 578 4249 Personum
594 4190 631 4246 sd
647 4190 804 4246 Morklmdi
818 4190 1027 4262 supptpnss.
1045 4191 1189 4247 ed.1)ind.
1213 4192 1255 4244 De
1329 4187 1337 4199 '

156 4262 306 4353 leutherii·
321 4265 386 4319 loco
403 4264 442 4318 ibi
457 4264 544 4318 citato
560 4278 587 4318 r.
603 4261 697 4320 uetes
716 4263 782 4317 cris.
798 4278 827 4335 p.
848 4280 906 4334 top.
923 4276 1074 4319 mmm.
