2768 4724
118 233 219 330 vsta,
262 274 269 301 .
518 225 893 293 asnorurrours

197 401 251 468 '‘P.
273 402 325 468 46.
348 419 379 463 v.
400 404 451 467 23.
480 390 579 480 ὅμιὸν]
605 388 696 477 ἡμῶν
715 396 789 478 nug.
818 414 878 461 sec.
907 396 1017 460 Bavar.
1049 397 1162 460 llarlei.
1197 396 1250 477 qui

90 490 104 507 ‘
155 474 246 549 etioul
259 482 535 564 παραταποχάνονς
556 482 617 541 dat.
637 479 735 543 asian.
779 482 836 543 Hic
849 500 969 564 quoque
983 483 1087 546 eadem
1101 484 1148 567 ele,
1161 501 1252 543 cause

152 564 243 653 ἡμῶν
257 569 375 644 malim,
396 568 544 628 utstatim
559 560 654 646 ἧμιῖς.
677 586 837 628 remeses.

154 680 162 701 ⁸
196 672 250 732 ·Ρ.
272 673 324 736 46.
347 689 377 730 v.
399 677 451 736 23.
472 665 572 752 aipein]
586 663 672 749 ἡμεῖς
685 669 761 746 nug.
783 671 896 733 tertius.
918 690 1015 732 nrrsr.

216 773 261 832 P..
273 775 326 837 46.
346 791 378 833 v.
400 775 450 840 25.
472 767 544 834 καθ’
560 764 652 850 circi]
674 770 793 830 Abeunt
811 771 848 829 ab
871 771 918 832 ed.
935 773 968 834 P.
989 773 1125 836 Munatii.
1152 793 1250 833 amsa.

145 895 149 903 ’
213 873 248 934 Ρ.
269 876 321 939 46.
343 892 373 936 v.
396 875 448 940 25.
468 864 553 954 sipia]
576 873 677 932 Malim
690 866 773 952 ἡμῖν.
794 864 953 935 senensi.

216 975 250 1036 Ρ.
272 979 324 1040 46.
344 993 376 1034 τ.
398 979 448 1039 27.
468 974 520 1037 καὶ
534 969 824 1057 παρακύψαντα-ἰπὶ
845 970 899 1038 τὸν
919 982 973 1056 τῆς
992 972 1107 1050 πόλεως
1118 969 1251 1057 πόλεμον

152 1081 183 1124 ιι.
204 1082 229 1123 τ.
246 1058 294 1138 h]
317 1068 348 1119 et
361 1079 429 1120 eum
442 1057 482 1117 sd
501 1059 614 1119 bellurn
635 1068 755 1118 riostrae
775 1057 859 1117 urbis
876 1058 972 1121 obiter
992 1059 1195 1142 respexerint,
1216 1058 1250 1118 id

154 1151 217 1219 est,
237 1145 337 1204 statim
357 1164 413 1203 nos
439 1142 595 1219 deserunt,
618 1153 678 1202 tam
693 1143 747 1203 (liu
765 1163 828 1202 non
846 1144 1030 1223 inserviunt,
1053 1164 1142 1225 quum
1156 1142 1249 1203 nobis
1323 1186 1329 1193 ·

144 1234 234 1289 ‘esset
250 1248 335 1308 opus.
371 1229 454 1302 ¹Cum
466 1228 612 1288 neminem
625 1218 736 1286 hahent
752 1227 853 1302 aliurn,
866 1229 927 1307 ·qui
942 1230 1090 1311 stipendia
1102 1236 1248 1302 numeret,

155 1321 262 1374 exorto
279 1312 474 1388 nobis'hello,
495 1313 536 1371 nd
549 1333 609 1379 nos
628 1321 807 1386 accurrunt,
829 1311 868 1370 ad
884 1312 975 1375 breve
996 1311 1101 1374 saltem
1118 1323 1248 1393 tempus,

155 1396 229 1458 dum
247 1397 478 1476 locupletiorem
497 1406 527 1455 et
547 1396 748 1456 liberaliorem
775 1395 927 1456 dominum
953 1399 1135 1458 invenerint:
1169 1397 1249 1456 sicut

155 1482 295 1541 Lucanus
310 1483 425 1559 egregie
444 1481 565 1540 cecinit:
586 1481 676 1541 Nulla
698 1478 773 1538 fides
793 1481 947 1561 pietasque
963 1484 1054 1557 viris,
1086 1483 1137 1562 qui
1150 1489 1249 1541 castra
1272 1490 1276 1494 '

145 1577 341 1645 sequuntur,
379 1567 562 1643 Venalesque
589 1583 709 1625 marrus:
742 1564 784 1623 ibi
804 1565 864 1643 fas,
899 1568 952 1625 ubi
971 1569 1099 1627 maxima
1123 1585 1247 1637 merces.

153 1649 241 1711 Unde
253 1650 400 1711 isocrates
413 1670 463 1710 eos
477 1644 603 1723 κοινούς
620 1642 764 1723 ἁπάντων
777 1641 952 1729 ἇνθρόποιν
964 1648 1094 1731 ἱχθρούς
1106 1651 1248 1711 nominat

155 1731 335 1812 Quanquam
357 1734 444 1794 eliam
461 1733 561 1798 κοινοὶ
575 1727 718 1796 ἆπᾶνταν
731 1734 815 1811 φίλοι
827 1745 912 1812 suut,
934 1736 984 1796 vel
996 1736 1089 1795 solius
1101 1734 1250 1837 pecuniae

153 1819 256 1901 potius
269 1818 365 1877 amici.
408 1818 493 1877 Idem
512 1823 543 1882 2.
566 1819 605 1877 ad
629 1816 801 1898 Philippum
820 1819 962 1898 epistola,
992 1824 1176 1896 ουνειδοτες,
1200 1821 1250 1879 in·
1329 1828 1334 1837 “

155 1903 240 1984 quit,
263 1896 308 1979 ὅτι
321 1900 357 1964 τοὶ
370 1907 428 1965 τῶν
441 1900 673 1981 ξενιτιυομὲναν
690 1895 888 1982 στρατεύματα
902 1905 1023 1977 πλείους
1041 1898 1168 1982 ἠδίκηκε
1187 1908 1249 1966 τοῖν
1300 1924 1311 1967 τ

42 2042 46 2055 .
154 1981 359 2050 πιστευόντων
375 1980 491 2061 αὐτοῖς,
514 1981 670 2064 sintenes.
714 1986 774 2046 Sed
790 2006 896 2047 versus
913 1989 982 2047 illos
995 1989 1169 2048 Lucanivir
1185 1988 1249 2046 for-

154 2071 288 2131 tissimus
311 2081 340 2131 et
353 2070 435 2146 dux,
473 2089 540 2131 cum
562 2071 652 2145 alibi,
690 2079 756 2128 tum
770 2092 803 2131 re
817 2083 924 2132 contra
937 2075 1050 2132 Turcas
1063 2080 1140 2132 anno
1156 2072 1248 2137 1532.

154 2157 188 2217 in
201 2156 354 2216 Pannonia
368 2156 443 2217 bene
456 2164 537 2234 gesta
552 2155 666 2229 clarus,
689 2154 786 2215 facete
801 2157 912 2222 eludit.
937 2177 988 2216 eos
1000 2176 1061 2216 non
1076 2157 1114 2216 sd
1130 2157 1249 2233 milites,

32 2253 34 2257 ’
53 2236 55 2240 ’
156 2239 211 2321 qui
225 2241 418 2312 antecedent,
439 2241 492 2300 sed
509 2240 547 2299 ad
560 2240 638 2300 lixas
653 2247 683 2298 et
696 2238 814 2300 calones
833 2242 999 2320 pertinere3
1020 2240 1077 2301 hos
1099 2243 1176 2302 eninr
1191 2262 1250 2300 ca-

156 2330 219 2385 et'ra
233 2325 327 2404 sequi.
348 2344 449 2386 wonr.
471 2319 677 2403 παρακύπτειν
689 2333 736 2383 est
747 2325 846 2403 aliqua
865 2347 898 2385 re
910 2326 1020 2403 leviter,
1032 2335 1068 2386 et
1078 2327 1249 2385 tumultua-

154 2408 201 2469 rie
214 2408 352 2493 defungi,
373 2408 428 2468 uhi
445 2409 535 2467 modo
552 2407 701 2488 attigeris,
724 2409 863 2487 protinus
883 2409 919 2470 ab
938 2431 971 2470 ea
984 2427 1089 2470 rursus
1101 2410 1248 2488 refugere,

154 2492 251 2554 veluti
264 2493 290 2551 si
302 2493 369 2572 quis
378 2493 500 2553 dentum
511 2495 694 2573 praeteriens
705 2513 768 2553 non
779 2493 916 2572 introeat,
933 2494 986 2554 sed
994 2493 1180 2577 solummodo
1194 2514 1250 2574 per

154 2577 316 2639 fenestram
336 2587 390 2637 aut
405 2578 524 2637 ianuam
543 2579 749 2657 semiapertam
770 2578 966 2657 introspiciat.
1011 2578 1161 2639 Sententia
1189 2588 1249 2638 est:

62 2706 65 2711 >
154 2661 235 2723 bello
253 2662 400 2737 delibato,
423 2662 482 2738 sic,
504 2672 555 2739 ut,
582 2662 658 2722 nihil
674 2682 742 2721 curn
755 2663 954 2742 peregissent,
991 2663 1129 2723 dictitare
1150 2674 1250 2722 tamen

153 2756 292 2828 possent,
320 2769 352 2808 se
374 2746 512 2827 partibus
536 2747 598 2806 suis
617 2747 802 2819 saussecisse.
826 2767 921 2807 nnrsrc
963 2746 1000 2809 V.
1028 2748 1107 2810 idem
1128 2749 1160 2807 in
1182 2747 1248 2810 lud.

157 2832 263 2893 Graec.
305 2832 440 2891 Benede
460 2841 564 2892 nostro
587 2832 656 2896 loeo
680 2832 769 2891 etiam
791 2832 953 2891 Dorvillius
976 2831 1013 2890 ad
1040 2832 1194 2894 Chariton.
1215 2854 1248 2912 p.

154 2916 422 2995 307.'ed.'1.ips.,
452 2915 544 2977 modo
565 2937 603 2975 ne
623 2916 822 2996 scripsisset,
838 2917 997 2976 Oratorem
1014 2917 1163 2995 respicere
1183 2937 1250 2975 mo-

154 3020 218 3060 rem
230 3001 437 3076 meretricum,
461 3021 538 3080 quae
549 2994 737 3081 θρύπτονται
761 3008 791 3059 et
810 2999 847 3059 de
867 3002 994 3060 fenestre
1011 3002 1100 3061 modo
1116 3011 1250 3080 praeter-

94 3088 120 3105 “’
155 3094 259 3145 euntes
276 3095 407 3145 amantes
420 3084 573 3163 adspicere
588 3085 764 3162 dignantm·,
786 3103 848 3142 non
864 3084 902 3143 ad
916 3104 967 3144 eos
982 3085 1175 3158 descendunt,
1198 3084 1250 3144 vel
1323 3080 1327 3091 ’
1365 3097 1369 3103 “

155 3158 238 3248 ipsos
254 3170 423 3228 admittunt
467 3168 549 3243 Quid
562 3170 640 3237 enirn
657 3165 846 3227 Demostheni
865 3189 928 3228 rem
950 3171 1153 3246 gravissimam
1177 3173 1250 3246 'gra-

155 3250 277 3312 vissime
296 3254 437 3313 tractanti
460 3274 530 3312 curn
548 3253 638 3312 rebus
663 3251 861 3312 meretriciis?
910 3254 994 3312 'salia
1013 3255 1120 3334 Toupii
1140 3253 1173 3316 ἐν
1187 3259 1251 3327 τοῖς

155 3334 317 3419 ἑταιρικαῖς
328 3336 520 3398 versatissimi
531 3337 676 3418 probent:
698 3357 753 3396 nos
766 3337 1009 3421 improbabinrus.
1030 3356 1187 3397 sonamus.

221 3438 256 3500 P.
279 3442 329 3503 46.
351 3458 380 3499 V.
400 3444 452 3503 27.
473 3435 539 3516 τὸν]
561 3439 655 3498 hbeat
675 3461 693 3497 a
713 3428 893 3497 hicermann.
915 3459 1012 3497 aaran.

220 3524 253 3581 P.
276 3529 329 3587 46.
349 3530 454 3589 v.·28.
482 3523 652 3601 πανταχοῦ]
683 3527 820 3600 πανταχῆ
838 3523 930 3580 Paris.
953 3523 1086 3601 quintus.
1107 3526 1255 3602 πανταχοῖ
1344 3587 1349 3600 ‚

156 3605 267 3667 Aldina
296 3607 380 3684 'l'syl
408 3627 504 3665 nessa.
536 3608 620 3685 Vulg.
650 3612 815 3684 πανταχοῦ.
865 3607 996 3675 Praetuli
1028 3613 1175 3686 πανταχοῖ
1201 3626 1253 3664 ac-

157 3701 279 3769 ceptum
296 3711 334 3749 ex
353 3690 421 3749 cod.
443 3692 480 3748 K.
502 3691 580 3750 Daitt
608 3696 746 3771 πανταχῆ
770 3690 809 3748 Μ.
840 3692 871 3749 Z.
894 3692 946 3751 Ee.
969 3712 1077 3750 nunus.
1106 3696 1257 3769 πανταχοῖ

156 3775 283 3833 Bekker.
306 3783 336 3833 et
351 3774 491 3851 Riitliger.
535 3775 604 3834 Sive
626 3777 671 3840 sic
692 3774 822 3848 scribas,
857 3775 920 3834 aive
943 3780 1097 3852 πανταχῆ,
1127 3772 1253 3852 perinde

158 3868 211 3917 est.
253 3857 313 3918 Sed
328 3864 479 3938 πανταχοῦ
489 3859 563 3918 terri
577 3860 690 3937 nequit.
729 3860 792 3919 Hac
812 3860 924 3921 formae
943 3858 1024 3917 haud
1038 3878 1107 3916 raro
1123 3859 1254 3918 consun-

103 4012 105 4017 .
159 3942 281 4001 domm:
307 3942 344 4002 V.
360 3943 473 4002 netad
488 3965 517 4022 p.
532 3948 607 4015 109,
629 3950 659 4010 2.
703 3963 861 4005 conserua.

221 4028 254 4084 P·
278 4029 330 4092 46.
353 4046 382 4085 v·
405 4032 456 4094 28.
480 4027 604 4108 οἴχεται]
627 4030 686 4087 Pro
700 4028 809 4102 cieras,
831 4023 971 4103 quodest
996 4027 1027 4083 in
1043 4024 1171 4101 Aldine,
1206 4026 1253 4086 lc-

159 4110 239 4187 gitur
251 4111 281 4169 in
295 4120 399 4170 nostro
416 4112 541 4190 οἴχεται,
565 4134 642 4191 quae
655 4128 794 4189 germana
804 4108 925 4167 videtur
934 4109 1025 4169 lectio
1047 4131 1120 4170 esse.
1146 4131 1250 4170 orsos.
1342 4124 1349 4137 ·

158 4193 220 4273 Ego
235 4212 308 4254 vero
322 4194 353 4253 in
365 4194 493 4272 Aldine,
517 4216 578 4275 quc
592 4205 664 4256 utor
672 4242 684 4273 ,
706 4190 816 4276 οἴχεται
825 4193 920 4254 elaris
933 4204 962 4256 et
974 4196 1144 4278 perspicuis
1156 4194 1251 4256 literis

109 4318 114 4325 -
160 4287 315 4340 exaratum
330 4279 427 4343 video.
448 4297 544 4343 saux.
569 4342 572 4347 .
