2768 4724
372 222 438 289 ao
459 174 885 292 onnosrnannn.
993 212 1001 242 ¹
1155 232 1197 297 aa

50 426 53 431 ·
100 402 258 480 Auguum
272 397 505 465 Vindelicorum-
544 410 609 455 vna.
622 393 685 457 Cel
700 393 781 471 nni,
802 415 877 457 antro
891 397 1056 469 erestituta
1067 397 1198 461 humano

102 505 204 583 generi
224 502 321 563 salute
341 519 377 559 u.
389 516 545 587 unauna

202 813 1086 941 nnnovrcoscanrnns
1180 868 1267 965 χ.

345 966 632 1073 uranonrno
654 965 892 1054 notatos.
914 967 950 1027 o.

165 1120 336 1182 Abrahamo
354 1118 595 1195 Hoechstettero,
618 1120 669 1197 qni
690 1118 763 1177 milri
777 1128 850 1203 'tuas
870 1120 974 1181 literas
995 1121 1105 1196 attulit,
1128 1141 1197 1184 cum

97 1225 142 1285 ob
162 1245 212 1284 cas
234 1243 349 1300 musas,
371 1243 446 1302 quas
466 1231 507 1307 tu
526 1241 746 1296 commemoras,
767 1229 832 1280 tum
850 1221 889 1279 ob
906 1230 989 1282 tuam
1005 1228 1198 1288 commenda.

92 1326 228 1399 tionem,
251 1344 328 1403 quae
351 1323 517 1403 plurimum
539 1324 680 1382 momenti
705 1322 789 1404 apud
808 1343 855 1380 me
877 1321 984 1398 habet,
1010 1336 1046 1385 ut
1066 1327 1196 1389 hominia
1301 1338 1305 1342 ’

96 1426 177 1488 milri
195 1445 310 1485 summo
330 1443 431 1483 amore
455 1431 486 1481 et
497 1423 603 1483 iisdem
619 1424 727 1483 studiis
750 1423 991 1501 coniunctissimi,
1012 1430 1138 1490 nnllain
1152 1453 1197 1510 rs,

96 1530 132 1588 in
152 1547 213 1606 qua
235 1548 328 1606 opera
346 1547 412 1585 mea
437 1525 484 1582 uti
505 1525 599 1598 volet,
621 1525 721 1583 deero.
763 1524 808 1582 De
831 1525 929 1583 animo
949 1534 1015 1586 m'eo
1038 1543 1147 1608 ergata
1159 1554 1196 1593 ιο

96 1629 256 1689 voluntate
272 1629 335 1687 acio
351 1637 380 1686 te
393 1627 437 1685 nil
453 1624 607 1685 dubitare:
628 1625 719 1684 velim
731 1633 831 1683 tamen
842 1625 913 1684 milri
927 1632 1113 1692 occasionem
1131 1636 1197 1695 dari

97 1732 224 1810 ipsane,
248 1730 393 1809 quantita
405 1729 522 1803 faciam,
542 1725 721 1786 declarandi.
763 1726 854 1787 Facio
869 1732 1111 1810 autemplurimi,
1132 1743 1198 1796 tum

101 1833 142 1894 ob
157 1834 334 1892 suavitatem
356 1831 589 1908 facilitatemque
602 1829 723 1907 ingenii,
743 1837 809 1890 tum
825 1831 993 1892 doctrinam
1007 1834 1196 1912 singularem,

100 1954 194 2015 ςυιω
219 1934 275 2014 tibi
303 1932 421 1992 ardenti
447 1931 562 2007 studio,
591 1950 704 1990 summo
723 1926 887 1991 multorum
908 1956 1054 1994 annornm
1076 1938 1195 2015 sudore,

97 2044 219 2097 iactura
236 2036 325 2095 etiam
337 2033 527 2108 valetudinis,
548 2032 702 2111 peperisti.
746 2033 839 2110 Quae,
853 2017 889 2094 ut
902 2057 1000 2115 spero,
1020 2039 1076 2097 tibi
1097 2041 1198 2101 fortn-
1280 2084 1284 2097 a

100 2160 183 2214 nam,
203 2139 234 2197 in
246 2136 307 2196 hoc
322 2134 522 2194 annitentibus
537 2132 639 2191 amicis
654 2133 725 2208 tuis,
745 2135 823 2194 inter
838 2155 912 2215 quos
928 2159 976 2198 me
992 2140 1079 2198 stiam
1092 2160 1198 2201 nume·-
1218 2209 1225 2227 Ι

101 2240 169 2300 ran'
187 2240 268 2311 volo,
291 2247 323 2297 te
338 2232 476 2313 'dignam
499 2244 528 2293 et
547 2235 608 2292 tuis
630 2235 736 2295 studiis
756 2246 865 2316 aptam,
884 2238 992 2317 pariet
1037 2240 1104 2312 Qua
1118 2243 1149 2301 in
1161 2264 1197 2305 re

99 2343 214 2401 bonam
235 2358 359 2420 operam
380 2338 437 2396 tibi
454 2355 610 2425 navarent,
639 2338 695 2396 nisi
720 2336 796 2399 haec
817 2349 952 2420 tempora
970 2341 1091 2421 iniqua,
1119 2362 1196 2420 quac
1245 2360 1251 2381 ¹

101 2463 203 2504 omnes
219 2443 325 2501 doctos
342 2438 424 2519 apud
441 2456 498 2496 noa
524 2448 672 2517 premunt,
694 2458 741 2500 me
760 2442 949 2521 impedirent.
996 2441 1080 2516 Quae
1095 2442 1122 2501 si
1138 2419 1197 2504 imss

100 2553 218 2602 mutata
238 2542 361 2615 suerint,
384 2540 465 2618 quod
491 2540 611 2618 quidem
627 2541 692 2600 fore
716 2562 816 2622 spero,
838 2553 868 2603 et
883 2546 961 2604 Deua
975 2543 1048 2603 mihi
1063 2544 1195 2605 reditum

100 2645 134 2703 in
156 2643 346 2703 Germaniam
367 2643 540 2717 confecerit,
559 2643 674 2701 nullam
696 2646 880 2704 occasionem
893 2647 940 2705 tui
955 2647 1080 2706 iuvandi
1099 2667 1199 2726 prae-,

98 2745 209 2806 terlabi
226 2746 329 2803 mnam.
371 2744 503 2818 Interim,
525 2744 567 2802 mi
587 2743 685 2818 Wolfi,
707 2754 736 2803 te
755 2766 807 2825 spe
820 2748 951 2806 melioris
967 2748 1102 2806 fortunae
1120 2769 1195 2807 sns-

96 2856 200 2907 tenta:
221 2865 297 2923 quae
310 2845 523 2926 quotardior,
545 2864 580 2904 eo
598 2845 781 2922 splendidior
798 2870 833 2907 ιο
854 2850 967 2907 lautior
985 2847 1090 2920 (crede
1108 2847 1194 2925 mihi)

98 2947 158 3008 tibi
181 2946 339 3023 continget,
361 2955 392 3007 et
410 2945 515 3006 taubi
535 2945 627 3004 semel
648 2948 803 3025 complexa
821 2948 923 3023 fuerit,
946 2966 981 3005 ac
1000 2944 1104 3001 fovere
1125 2962 1196 3002 coe·
1300 2955 1303 2960 '

99 3050 197 3130 perit,
225 3050 304 3108 inter
321 3051 446 3108 Crassos
470 3066 507 3105 ac
528 3047 654 3105 Senecas
679 3049 852 3109 collocabit:
882 3047 941 3107 hoc
965 3057 1026 3122 est,
1053 3043 1143 3122 plane
1164 3052 1196 3103 te

98 3151 219 3210 beatum
234 3150 334 3210 saciet.
369 3151 475 3209 Uterer
485 3148 537 3208 hic
550 3152 692 3230 exemplis
707 3147 946 3212 doctissimorum
957 3152 1101 3224 virorum,
1118 3168 1197 3229 quo-

98 3272 168 3312 rnm
182 3263 218 3312 tn
231 3252 335 3312 similis
353 3271 394 3327 ea,
415 3251 460 3310 tni
474 3251 670 3334 confirmandi
689 3273 787 3332 causa,
810 3274 886 3335 quos
903 3273 971 3312 aero
989 3248 1118 3329 quidem,
1141 3249 1195 3310 aed

99 3365 199 3414 tamen
212 3353 345 3433 respexit
356 3352 477 3411 tandem
498 3351 571 3412 hera
588 3353 640 3412 illa
663 3354 838 3434 imperiosa:
861 3354 1024 3435 quaerela,
1046 3361 1082 3410 nt
1095 3351 1195 3430 inquit

99 3456 161 3530 ille,
181 3464 340 3531 utramque
360 3454 499 3531 paginam
521 3456 608 3514 iacit:
627 3456 686 3514 nisi
707 3477 811 3535 eorum
825 3459 963 3517 sortume
984 3455 1080 3532 imago
1098 3455 1194 3513 animo
1250 3447 1256 3459 ’

100 3565 157 3615 tuo
175 3557 320 3637 impressa
340 3554 492 3614 insideret.
534 3557 578 3616 De
596 3558 795 3641 Demosthene
808 3569 861 3622 tuo
883 3560 956 3619 mihi
968 3557 1085 3617 muneri
1104 3557 1193 3615 misso

101 3668 132 3718 te
150 3630 278 3718 mittum
296 3677 380 3717 amo:
403 3677 491 3736 quem
503 3657 545 3716 ita
561 3680 577 3717 a
591 3667 620 3719 te
635 3679 813 3721 conversum
826 3664 897 3724 'esse
915 3661 1057 3735 coniecto,
1078 3668 1114 3718 ut
1128 3677 1194 3716 eum
1251 3698 1257 3707 .

100 3761 221 3820 minime
244 3758 352 3820 relicto
370 3760 465 3839 pallio
483 3769 570 3836 togae
590 3762 704 3840 pudere
724 3765 859 3826 arbitrer.
909 3763 988 3825 Huic
1014 3758 1192 3831 evolvendo,
1302 3774 1308 3788 ·

102 3861 248 3941 quicquid
264 3865 409 3942 temporis
435 3881 474 3922 ex
496 3862 569 3920 meis
589 3867 835 3945 occupationibus
852 3863 967 3946 eripere
989 3871 1114 3942 potero,
1136 3859 1194 3917 im·

101 3962 242 4040 pendam.
292 3962 382 4039 Vale,
410 3963 452 4022 mi
475 3962 579 4041 wolfi,
601 3974 632 4024 et
651 3966 707 4026 tibi
726 3969 888 4049 persuade,
916 3967 990 4027 nihil
1011 3981 1089 4037 esse,
1111 3960 1192 4040 qnod

100 4082 167 4121 non
189 4083 280 4143 aeque
301 4064 430 4125 libenter
452 4083 511 4143 pro
529 4072 569 4141 te,
592 4088 626 4128 ec
643 4089 699 4149 pro
720 4091 768 4131 me
786 4072 863 4152 ipso,
885 4068 966 4130 omni
986 4075 1121 4146 tempore
1136 4062 1192 4122 aim

98 4166 247 4229 tactum.
289 4168 336 4228 Ex
349 4167 494 4242 Pictavio,
517 4164 618 4227 Idibus
631 4171 768 4251 Augusti,
797 4193 874 4233 anno
890 4173 980 4239 1660·
1168 4200 1184 4217 ²

554 4293 760 4317 Μ
