<?xml version="1.0" encoding="UTF-8"?>
<!DOCTYPE html PUBLIC "-//W3C//DTD XHTML 1.0 Transitional//EN"
    "http://www.w3.org/TR/xhtml1/DTD/xhtml1-transitional.dtd">
<html xmlns="http://www.w3.org/1999/xhtml" xml:lang="en" lang="en">
 <head>
  <title>
</title>
<meta http-equiv="Content-Type" content="text/html;charset=utf-8" />
  <meta name='ocr-system' content='tesseract 3.04.00' />
  <meta name='ocr-capabilities' content='ocr_page ocr_carea ocr_par ocr_line ocrx_word'/>
</head>
<body>
  <div class='ocr_page' id='page_1' title='image "./demosthenisquae07schgoog_0185.png"; bbox 0 0 2768 4724; ppageno 0'>
   <div class='ocr_carea' id='block_1_1' title="bbox 284 214 1326 353">
    <p class='ocr_par' dir='ltr' id='par_1_1' title="bbox 284 214 1326 353">
     <span class='ocr_line' id='line_1_1' title="bbox 284 214 1326 353; baseline 0.013 -41"><span class='ocrx_word' id='word_1_1' title='bbox 284 348 287 353; x_wconf 79' lang='lat'>.</span> <span class='ocrx_word' id='word_1_2' title='bbox 344 300 348 314; x_wconf 90' lang='lat'>.</span> <span class='ocrx_word' id='word_1_3' title='bbox 392 252 460 314; x_wconf 78' lang='grc' dir='ltr'><strong>ιιι</strong></span> <span class='ocrx_word' id='word_1_4' title='bbox 490 252 625 315; x_wconf 78' lang='lat' dir='ltr'><strong>onan</strong></span> <span class='ocrx_word' id='word_1_5' title='bbox 655 214 855 316; x_wconf 78' lang='grc' dir='ltr'>οιιιιιιι.</span> <span class='ocrx_word' id='word_1_6' title='bbox 889 253 913 314; x_wconf 90' lang='grc' dir='ltr'><strong>ι.</strong></span> <span class='ocrx_word' id='word_1_7' title='bbox 1149 257 1212 325; x_wconf 82' lang='lat' dir='ltr'><strong>ter</strong></span> <span class='ocrx_word' id='word_1_8' title='bbox 1321 269 1326 276; x_wconf 92' lang='lat'><strong>·</strong></span> 
     </span>
    </p>
   </div>
   <div class='ocr_carea' id='block_1_2' title="bbox 10 411 1265 586">
    <p class='ocr_par' dir='ltr' id='par_1_2' title="bbox 10 411 1265 586">
     <span class='ocr_line' id='line_1_2' title="bbox 38 411 1265 509; baseline 0.001 -21"><span class='ocrx_word' id='word_1_9' title='bbox 38 435 41 441; x_wconf 85' lang='lat'>&#39;</span> <span class='ocrx_word' id='word_1_10' title='bbox 62 478 65 483; x_wconf 81' lang='grc'><em>,</em></span> <span class='ocrx_word' id='word_1_11' title='bbox 112 416 277 509; x_wconf 60' lang='lat' dir='ltr'><strong>sepissima</strong></span> <span class='ocrx_word' id='word_1_12' title='bbox 289 418 390 502; x_wconf 82' lang='lat' dir='ltr'><strong>malis,</strong></span> <span class='ocrx_word' id='word_1_13' title='bbox 405 422 537 484; x_wconf 85' lang='lat' dir='ltr'><strong>manebit</strong></span> <span class='ocrx_word' id='word_1_14' title='bbox 555 420 686 502; x_wconf 73' lang='lat' dir='ltr'><strong>nugaris</strong></span> <span class='ocrx_word' id='word_1_15' title='bbox 701 411 873 500; x_wconf 66' lang='lat' dir='ltr'><strong>distinctio,</strong></span> <span class='ocrx_word' id='word_1_16' title='bbox 890 432 921 486; x_wconf 88' lang='lat' dir='ltr'><strong>et</strong></span> <span class='ocrx_word' id='word_1_17' title='bbox 938 413 1015 487; x_wconf 81' lang='lat' dir='ltr'><strong>liaee</strong></span> <span class='ocrx_word' id='word_1_18' title='bbox 1029 424 1126 487; x_wconf 68' lang='lat' dir='ltr'><strong>exibit</strong></span> <span class='ocrx_word' id='word_1_19' title='bbox 1139 446 1208 489; x_wconf 83' lang='lat' dir='ltr'><strong>sen·</strong></span> <span class='ocrx_word' id='word_1_20' title='bbox 1263 438 1265 445; x_wconf 88' lang='lat'>&#39;</span> 
     </span>
     <span class='ocr_line' id='line_1_3' title="bbox 10 509 1211 586; baseline 0 -12"><span class='ocrx_word' id='word_1_21' title='bbox 10 512 13 522; x_wconf 83' lang='grc'><strong>’</strong></span> <span class='ocrx_word' id='word_1_22' title='bbox 113 514 219 574; x_wconf 85' lang='lat' dir='ltr'><strong>tentia:</strong></span> <span class='ocrx_word' id='word_1_23' title='bbox 242 511 415 586; x_wconf 88' lang='lat' dir='ltr'><strong>calumniis,</strong></span> <span class='ocrx_word' id='word_1_24' title='bbox 442 509 526 569; x_wconf 79' lang='lat' dir='ltr'><strong>t&#39;ulsis</strong></span> <span class='ocrx_word' id='word_1_25' title='bbox 544 509 806 569; x_wconf 76' lang='lat' dir='ltr'><strong>criminationibus</strong></span> <span class='ocrx_word' id='word_1_26' title='bbox 824 509 863 570; x_wconf 86' lang='lat' dir='ltr'><strong>ad</strong></span> <span class='ocrx_word' id='word_1_27' title='bbox 885 510 994 571; x_wconf 81' lang='lat' dir='ltr'><strong>amieos</strong></span> <span class='ocrx_word' id='word_1_28' title='bbox 1011 523 1134 573; x_wconf 86' lang='lat' dir='ltr'><strong>nostros</strong></span> <span class='ocrx_word' id='word_1_29' title='bbox 1148 532 1211 574; x_wconf 66' lang='grc' dir='ltr'>ιιι-ἰ</span> 
     </span>
    </p>
   </div>
   <div class='ocr_carea' id='block_1_3' title="bbox 113 594 1335 678">
    <p class='ocr_par' dir='ltr' id='par_1_3' title="bbox 113 594 1335 678">
     <span class='ocr_line' id='line_1_4' title="bbox 113 594 1335 678; baseline 0.002 -21"><span class='ocrx_word' id='word_1_30' title='bbox 113 607 234 678; x_wconf 84' lang='lat' dir='ltr'><strong>spectes</strong></span> <span class='ocrx_word' id='word_1_31' title='bbox 258 618 314 675; x_wconf 80' lang='lat' dir='ltr'><strong>nos</strong></span> <span class='ocrx_word' id='word_1_32' title='bbox 335 596 480 670; x_wconf 87' lang='lat' dir='ltr'><strong>reddens,</strong></span> <span class='ocrx_word' id='word_1_33' title='bbox 506 594 670 653; x_wconf 74' lang='lat' dir='ltr'><strong>malitiosae</strong></span> <span class='ocrx_word' id='word_1_34' title='bbox 691 594 867 654; x_wconf 70' lang='lat' dir='ltr'><strong>desertionis</strong></span> <span class='ocrx_word' id='word_1_35' title='bbox 886 595 1099 676; x_wconf 84' lang='lat' dir='ltr'><strong>insimulando,</strong></span> <span class='ocrx_word' id='word_1_36' title='bbox 1120 605 1214 678; x_wconf 80' lang='lat' dir='ltr'><strong>qussi</strong></span> <span class='ocrx_word' id='word_1_37' title='bbox 1333 598 1335 602; x_wconf 54' lang='lat'><em>&#39;</em></span> 
     </span>
    </p>
   </div>
   <div class='ocr_carea' id='block_1_4' title="bbox 112 678 1314 1096">
    <p class='ocr_par' dir='ltr' id='par_1_4' title="bbox 112 678 1314 1096">
     <span class='ocr_line' id='line_1_5' title="bbox 112 678 1209 764; baseline 0.004 -23"><span class='ocrx_word' id='word_1_38' title='bbox 112 682 309 760; x_wconf 72' lang='lat' dir='ltr'><strong>gauderemus</strong></span> <span class='ocrx_word' id='word_1_39' title='bbox 328 683 464 762; x_wconf 88' lang='lat' dir='ltr'><strong>ipsorum</strong></span> <span class='ocrx_word' id='word_1_40' title='bbox 477 679 561 738; x_wconf 85' lang='lat' dir='ltr'><strong>malis</strong></span> <span class='ocrx_word' id='word_1_41' title='bbox 577 697 687 756; x_wconf 88' lang='lat' dir='ltr'><strong>eosque</strong></span> <span class='ocrx_word' id='word_1_42' title='bbox 705 678 841 758; x_wconf 85' lang='lat' dir='ltr'><strong>perditos</strong></span> <span class='ocrx_word' id='word_1_43' title='bbox 852 679 1013 756; x_wconf 79' lang='lat' dir='ltr'><strong>vellemus,</strong></span> <span class='ocrx_word' id='word_1_44' title='bbox 1032 680 1101 742; x_wconf 85' lang='lat' dir='ltr'><strong>data</strong></span> <span class='ocrx_word' id='word_1_45' title='bbox 1116 704 1209 764; x_wconf 79' lang='lat' dir='ltr'><strong>open</strong></span> 
     </span>
     <span class='ocr_line' id='line_1_6' title="bbox 113 763 1210 843; baseline 0.004 -17"><span class='ocrx_word' id='word_1_46' title='bbox 113 775 304 841; x_wconf 78' lang='lat' dir='ltr'><strong>cunctantes,</strong></span> <span class='ocrx_word' id='word_1_47' title='bbox 326 773 499 825; x_wconf 78' lang='lat' dir='ltr'><strong>narrantem</strong></span> <span class='ocrx_word' id='word_1_48' title='bbox 519 763 694 821; x_wconf 87' lang='lat' dir='ltr'><strong>necessitate</strong></span> <span class='ocrx_word' id='word_1_49' title='bbox 707 763 910 843; x_wconf 84' lang='lat' dir='ltr'><strong>temporisque</strong></span> <span class='ocrx_word' id='word_1_50' title='bbox 931 765 1162 828; x_wconf 77' lang='lat' dir='ltr'><strong>adversitatibus</strong></span> <span class='ocrx_word' id='word_1_51' title='bbox 1175 780 1210 831; x_wconf 83' lang='lat' dir='ltr'><strong>et</strong></span> 
     </span>
     <span class='ocr_line' id='line_1_7' title="bbox 112 847 1208 922; baseline 0.004 -12"><span class='ocrx_word' id='word_1_52' title='bbox 112 850 339 910; x_wconf 83' lang='lat' dir='ltr'><strong>necessitatibus</strong></span> <span class='ocrx_word' id='word_1_53' title='bbox 366 847 538 922; x_wconf 83' lang='lat' dir='ltr'><strong>constricti,</strong></span> <span class='ocrx_word' id='word_1_54' title='bbox 562 847 713 906; x_wconf 87' lang='lat' dir='ltr'><strong>sociorum</strong></span> <span class='ocrx_word' id='word_1_55' title='bbox 728 857 912 907; x_wconf 74' lang='lat' dir='ltr'><strong>&#39;nosuorum</strong></span> <span class='ocrx_word' id='word_1_56' title='bbox 934 858 987 908; x_wconf 87' lang='lat' dir='ltr'><strong>eut</strong></span> <span class='ocrx_word' id='word_1_57' title='bbox 1006 850 1126 912; x_wconf 78' lang='lat' dir='ltr'><strong>(litionis</strong></span> <span class='ocrx_word' id='word_1_58' title='bbox 1148 868 1208 914; x_wconf 73' lang='grc' dir='ltr'>ιιο-“</span> 
     </span>
     <span class='ocr_line' id='line_1_8' title="bbox 112 931 1314 1017; baseline 0.002 -24"><span class='ocrx_word' id='word_1_59' title='bbox 112 945 194 994; x_wconf 86' lang='lat' dir='ltr'><strong>strae</strong></span> <span class='ocrx_word' id='word_1_60' title='bbox 216 934 353 996; x_wconf 88' lang='lat' dir='ltr'><strong>nonnihil</strong></span> <span class='ocrx_word' id='word_1_61' title='bbox 373 933 428 994; x_wconf 86' lang='lat' dir='ltr'><strong>sub</strong></span> <span class='ocrx_word' id='word_1_62' title='bbox 453 940 630 1012; x_wconf 86' lang='lat' dir='ltr'><strong>potestatem</strong></span> <span class='ocrx_word' id='word_1_63' title='bbox 656 951 739 991; x_wconf 89' lang='lat' dir='ltr'><strong>suam</strong></span> <span class='ocrx_word' id='word_1_64' title='bbox 763 931 889 1010; x_wconf 78' lang='lat' dir='ltr'><strong>redigat</strong></span> <span class='ocrx_word' id='word_1_65' title='bbox 914 953 1011 995; x_wconf 76' lang='lat' dir='ltr'><strong>nana.</strong></span> <span class='ocrx_word' id='word_1_66' title='bbox 1053 936 1210 1017; x_wconf 71' lang='lat' dir='ltr'><strong>Belkania</strong></span> <span class='ocrx_word' id='word_1_67' title='bbox 1310 964 1314 976; x_wconf 49' lang='grc' dir='ltr'>ι</span> 
     </span>
     <span class='ocr_line' id='line_1_9' title="bbox 112 1016 1209 1096; baseline 0.005 -19"><span class='ocrx_word' id='word_1_68' title='bbox 112 1018 220 1079; x_wconf 82' lang='lat' dir='ltr'><strong>infelix</strong></span> <span class='ocrx_word' id='word_1_69' title='bbox 240 1020 351 1079; x_wconf 85' lang='lat' dir='ltr'><strong>lleiskii</strong></span> <span class='ocrx_word' id='word_1_70' title='bbox 369 1024 571 1078; x_wconf 86' lang='lat' dir='ltr'><strong>commentum</strong></span> <span class='ocrx_word' id='word_1_71' title='bbox 587 1016 653 1074; x_wconf 87' lang='lat' dir='ltr'><strong>iuro</strong></span> <span class='ocrx_word' id='word_1_72' title='bbox 677 1017 858 1096; x_wconf 80' lang='lat' dir='ltr'><strong>repudiarit.</strong></span> <span class='ocrx_word' id='word_1_73' title='bbox 899 1017 1027 1079; x_wconf 88' lang='lat' dir='ltr'><strong>Secutus</strong></span> <span class='ocrx_word' id='word_1_74' title='bbox 1047 1029 1092 1081; x_wconf 85' lang='lat' dir='ltr'><strong>est</strong></span> <span class='ocrx_word' id='word_1_75' title='bbox 1110 1023 1209 1082; x_wconf 70' lang='lat' dir='ltr'><strong>lindi-1·</strong></span> 
     </span>
    </p>
   </div>
   <div class='ocr_carea' id='block_1_5' title="bbox 113 1100 1359 1184">
    <p class='ocr_par' dir='ltr' id='par_1_5' title="bbox 113 1100 1359 1184">
     <span class='ocr_line' id='line_1_10' title="bbox 113 1100 1359 1184; baseline 0.004 -22"><span class='ocrx_word' id='word_1_76' title='bbox 113 1108 223 1181; x_wconf 80' lang='lat' dir='ltr'><strong>gerus&#39;‚</strong></span> <span class='ocrx_word' id='word_1_77' title='bbox 243 1105 293 1164; x_wconf 90' lang='lat' dir='ltr'><strong>eui</strong></span> <span class='ocrx_word' id='word_1_78' title='bbox 304 1114 410 1183; x_wconf 87' lang='lat' dir='ltr'><strong>tropus</strong></span> <span class='ocrx_word' id='word_1_79' title='bbox 426 1100 517 1161; x_wconf 89' lang='lat' dir='ltr'><strong>huius</strong></span> <span class='ocrx_word' id='word_1_80' title='bbox 529 1100 707 1175; x_wconf 83' lang='lat' dir='ltr'><strong>locutionis,</strong></span> <span class='ocrx_word' id='word_1_81' title='bbox 727 1101 891 1184; x_wconf 71' lang='grc' dir='ltr'><strong>τρέπεσθαι</strong></span> <span class='ocrx_word' id='word_1_82' title='bbox 904 1104 956 1166; x_wconf 75' lang='grc' dir='ltr'><strong>καὶ</strong></span> <span class='ocrx_word' id='word_1_83' title='bbox 972 1106 1227 1184; x_wconf 69' lang='grc' dir='ltr'><strong>παραπιᾶσθαι,’</strong></span> <span class='ocrx_word' id='word_1_84' title='bbox 1283 1154 1286 1160; x_wconf 82' lang='lat'>.</span> <span class='ocrx_word' id='word_1_85' title='bbox 1357 1142 1359 1147; x_wconf 83' lang='lat'><em>.</em></span> 
     </span>
    </p>
   </div>
   <div class='ocr_carea' id='block_1_6' title="bbox 26 1183 1289 2212">
    <p class='ocr_par' dir='ltr' id='par_1_6' title="bbox 26 1183 1289 2212">
     <span class='ocr_line' id='line_1_11' title="bbox 112 1183 1210 1266; baseline 0.005 -20"><span class='ocrx_word' id='word_1_86' title='bbox 112 1187 236 1247; x_wconf 84' lang='lat' dir='ltr'><strong>videtur</strong></span> <span class='ocrx_word' id='word_1_87' title='bbox 256 1188 412 1247; x_wconf 83' lang='lat' dir='ltr'><strong>desunrtas</strong></span> <span class='ocrx_word' id='word_1_88' title='bbox 432 1183 541 1258; x_wconf 86' lang='lat' dir='ltr'><strong>abiis,</strong></span> <span class='ocrx_word' id='word_1_89' title='bbox 567 1184 635 1263; x_wconf 84' lang='lat' dir='ltr'><strong>qui,</strong></span> <span class='ocrx_word' id='word_1_90' title='bbox 661 1203 754 1263; x_wconf 86' lang='lat' dir='ltr'><strong>quum</strong></span> <span class='ocrx_word' id='word_1_91' title='bbox 773 1187 813 1247; x_wconf 88' lang='lat' dir='ltr'><strong>ad</strong></span> <span class='ocrx_word' id='word_1_92' title='bbox 832 1206 898 1246; x_wconf 87' lang='lat' dir='ltr'><strong>aras</strong></span> <span class='ocrx_word' id='word_1_93' title='bbox 917 1188 1110 1266; x_wconf 78' lang='lat' dir='ltr'><strong>confugiunt,</strong></span> <span class='ocrx_word' id='word_1_94' title='bbox 1134 1193 1210 1254; x_wconf 77' lang='lat' dir='ltr'><strong>intls</strong></span> 
     </span>
     <span class='ocr_line' id='line_1_12' title="bbox 26 1268 1210 1357; baseline 0.004 -27"><span class='ocrx_word' id='word_1_95' title='bbox 26 1308 29 1313; x_wconf 66' lang='lat'><strong>,</strong></span> <span class='ocrx_word' id='word_1_96' title='bbox 114 1271 347 1332; x_wconf 84' lang='lat' dir='ltr'><strong>abstrahuntur:</strong></span> <span class='ocrx_word' id='word_1_97' title='bbox 368 1272 451 1352; x_wconf 85' lang='lat' dir='ltr'><strong>quod</strong></span> <span class='ocrx_word' id='word_1_98' title='bbox 473 1288 581 1328; x_wconf 83' lang='lat' dir='ltr'><strong>vereor</strong></span> <span class='ocrx_word' id='word_1_99' title='bbox 594 1277 631 1329; x_wconf 87' lang='lat' dir='ltr'><strong>ut</strong></span> <span class='ocrx_word' id='word_1_100' title='bbox 642 1269 782 1349; x_wconf 73' lang='lat' dir='ltr'><strong>cuiquam</strong></span> <span class='ocrx_word' id='word_1_101' title='bbox 798 1271 981 1349; x_wconf 81' lang='lat' dir='ltr'><strong>probaturus</strong></span> <span class='ocrx_word' id='word_1_102' title='bbox 993 1274 1041 1334; x_wconf 83' lang='lat' dir='ltr'><strong>sit</strong></span> <span class='ocrx_word' id='word_1_103' title='bbox 1060 1268 1210 1357; x_wconf 68' lang='grc' dir='ltr'><strong>δρέφηιαι</strong></span> 
     </span>
     <span class='ocr_line' id='line_1_13' title="bbox 113 1350 1210 1440; baseline 0.011 -26"><span class='ocrx_word' id='word_1_104' title='bbox 113 1357 284 1416; x_wconf 80' lang='lat' dir='ltr'><strong>confutavit</strong></span> <span class='ocrx_word' id='word_1_105' title='bbox 296 1350 532 1417; x_wconf 52' lang='lat' dir='ltr'><strong>etiam‘Bremius</strong></span> <span class='ocrx_word' id='word_1_106' title='bbox 545 1353 584 1412; x_wconf 87' lang='lat' dir='ltr'><strong>ad</strong></span> <span class='ocrx_word' id='word_1_107' title='bbox 595 1373 626 1432; x_wconf 82' lang='lat' dir='ltr'><strong>p·</strong></span> <span class='ocrx_word' id='word_1_108' title='bbox 642 1356 694 1429; x_wconf 80' lang='lat'><strong>41,</strong></span> <span class='ocrx_word' id='word_1_109' title='bbox 711 1360 740 1418; x_wconf 93' lang='lat'><strong>1.</strong></span> <span class='ocrx_word' id='word_1_110' title='bbox 768 1355 843 1431; x_wconf 81' lang='lat' dir='ltr'><strong>Sed,</strong></span> <span class='ocrx_word' id='word_1_111' title='bbox 861 1365 897 1416; x_wconf 90' lang='lat' dir='ltr'><strong>ut</strong></span> <span class='ocrx_word' id='word_1_112' title='bbox 907 1358 1038 1418; x_wconf 88' lang='lat' dir='ltr'><strong>medium</strong></span> <span class='ocrx_word' id='word_1_113' title='bbox 1049 1362 1210 1440; x_wconf 57' lang='grc' dir='ltr'><strong><em>παρααπᾶὀ</em></strong></span> 
     </span>
     <span class='ocr_line' id='line_1_14' title="bbox 114 1438 1212 1524; baseline 0.006 -20"><span class='ocrx_word' id='word_1_114' title='bbox 114 1448 190 1504; x_wconf 79' lang='grc' dir='ltr'><strong>σθαι</strong></span> <span class='ocrx_word' id='word_1_115' title='bbox 208 1439 259 1500; x_wconf 89' lang='lat' dir='ltr'><strong>hic</strong></span> <span class='ocrx_word' id='word_1_116' title='bbox 276 1450 359 1501; x_wconf 88' lang='lat' dir='ltr'><strong>recte</strong></span> <span class='ocrx_word' id='word_1_117' title='bbox 374 1450 405 1500; x_wconf 95' lang='lat' dir='ltr'><strong>et</strong></span> <span class='ocrx_word' id='word_1_118' title='bbox 424 1438 528 1499; x_wconf 78' lang='lat' dir='ltr'><strong>ordine</strong></span> <span class='ocrx_word' id='word_1_119' title='bbox 547 1438 678 1516; x_wconf 83' lang='lat' dir='ltr'><strong>positum</strong></span> <span class='ocrx_word' id='word_1_120' title='bbox 699 1448 760 1514; x_wconf 88' lang='lat' dir='ltr'><strong>eat,</strong></span> <span class='ocrx_word' id='word_1_121' title='bbox 779 1441 823 1500; x_wconf 90' lang='lat' dir='ltr'><strong>ita</strong></span> <span class='ocrx_word' id='word_1_122' title='bbox 843 1459 917 1499; x_wconf 85' lang='lat' dir='ltr'><strong>usus</strong></span> <span class='ocrx_word' id='word_1_123' title='bbox 931 1442 1023 1503; x_wconf 79' lang='lat' dir='ltr'><strong>medii</strong></span> <span class='ocrx_word' id='word_1_124' title='bbox 1043 1442 1212 1524; x_wconf 67' lang='grc' dir='ltr'><strong><em>τρέπεσθαί</em></strong></span> 
     </span>
     <span class='ocr_line' id='line_1_15' title="bbox 113 1521 1209 1604; baseline 0.008 -21"><span class='ocrx_word' id='word_1_125' title='bbox 113 1545 162 1585; x_wconf 89' lang='lat' dir='ltr'><strong>me</strong></span> <span class='ocrx_word' id='word_1_126' title='bbox 183 1523 304 1604; x_wconf 87' lang='lat' dir='ltr'><strong>quidem</strong></span> <span class='ocrx_word' id='word_1_127' title='bbox 324 1523 407 1583; x_wconf 82' lang='lat' dir='ltr'><strong>haul</strong></span> <span class='ocrx_word' id='word_1_128' title='bbox 423 1542 532 1602; x_wconf 82' lang='lat' dir='ltr'><strong>parum</strong></span> <span class='ocrx_word' id='word_1_129' title='bbox 552 1521 688 1583; x_wconf 79' lang='lat' dir='ltr'><strong>offendit:</strong></span> <span class='ocrx_word' id='word_1_130' title='bbox 708 1524 1002 1603; x_wconf 65' lang='lat' dir='ltr'><strong>quaeritassem,</strong></span> <span class='ocrx_word' id='word_1_131' title='bbox 1020 1527 1127 1588; x_wconf 85' lang='lat' dir='ltr'><strong>Graeci</strong></span> <span class='ocrx_word' id='word_1_132' title='bbox 1141 1532 1209 1593; x_wconf 90' lang='lat' dir='ltr'><strong>solo</strong></span> 
     </span>
     <span class='ocr_line' id='line_1_16' title="bbox 116 1606 1207 1693; baseline 0.013 -25"><span class='ocrx_word' id='word_1_133' title='bbox 116 1609 216 1669; x_wconf 80' lang='lat' dir='ltr'><strong>activo</strong></span> <span class='ocrx_word' id='word_1_134' title='bbox 233 1609 351 1690; x_wconf 70' lang='grc' dir='ltr'><strong>τρέπειν</strong></span> <span class='ocrx_word' id='word_1_135' title='bbox 370 1609 414 1668; x_wconf 91' lang='lat' dir='ltr'><strong>sic</strong></span> <span class='ocrx_word' id='word_1_136' title='bbox 424 1615 560 1668; x_wconf 90' lang='lat' dir='ltr'><strong>utantur.</strong></span> <span class='ocrx_word' id='word_1_137' title='bbox 602 1606 678 1665; x_wconf 80' lang='lat' dir='ltr'><strong>Nam</strong></span> <span class='ocrx_word' id='word_1_138' title='bbox 692 1608 748 1667; x_wconf 88' lang='lat' dir='ltr'><strong>atsi</strong></span> <span class='ocrx_word' id='word_1_139' title='bbox 761 1608 884 1668; x_wconf 78' lang='lat' dir='ltr'><strong>lleisltio</strong></span> <span class='ocrx_word' id='word_1_140' title='bbox 896 1610 1100 1691; x_wconf 68' lang='grc' dir='ltr'><strong>τρέπεσθαι).</strong></span> <span class='ocrx_word' id='word_1_141' title='bbox 1114 1618 1207 1693; x_wconf 76' lang='lat'><strong>1262,</strong></span> 
     </span>
     <span class='ocr_line' id='line_1_17' title="bbox 117 1689 1208 1778; baseline 0.006 -26"><span class='ocrx_word' id='word_1_142' title='bbox 117 1700 167 1759; x_wconf 80' lang='lat'><strong>10.</strong></span> <span class='ocrx_word' id='word_1_143' title='bbox 186 1713 245 1772; x_wconf 88' lang='lat' dir='ltr'><strong>pro</strong></span> <span class='ocrx_word' id='word_1_144' title='bbox 265 1693 370 1755; x_wconf 84' lang='lat' dir='ltr'><strong>medio·</strong></span> <span class='ocrx_word' id='word_1_145' title='bbox 387 1711 477 1772; x_wconf 88' lang='lat' dir='ltr'><strong>posse</strong></span> <span class='ocrx_word' id='word_1_146' title='bbox 494 1689 598 1750; x_wconf 84' lang='lat' dir='ltr'><strong>haberi</strong></span> <span class='ocrx_word' id='word_1_147' title='bbox 616 1689 754 1767; x_wconf 83' lang='lat' dir='ltr'><strong>videtur,</strong></span> <span class='ocrx_word' id='word_1_148' title='bbox 773 1713 876 1769; x_wconf 90' lang='lat' dir='ltr'><strong>nemo,</strong></span> <span class='ocrx_word' id='word_1_149' title='bbox 897 1695 1022 1776; x_wconf 86' lang='lat' dir='ltr'><strong>opinor,</strong></span> <span class='ocrx_word' id='word_1_150' title='bbox 1049 1695 1208 1778; x_wconf 84' lang='lat' dir='ltr'><strong>dubitabit,</strong></span> 
     </span>
     <span class='ocr_line' id='line_1_18' title="bbox 115 1773 1289 1859; baseline 0.009 -23"><span class='ocrx_word' id='word_1_151' title='bbox 115 1779 188 1856; x_wconf 88' lang='lat' dir='ltr'><strong>quin</strong></span> <span class='ocrx_word' id='word_1_152' title='bbox 212 1777 330 1856; x_wconf 77' lang='lat' dir='ltr'><strong>passive</strong></span> <span class='ocrx_word' id='word_1_153' title='bbox 357 1778 472 1836; x_wconf 86' lang='lat' dir='ltr'><strong>dictum</strong></span> <span class='ocrx_word' id='word_1_154' title='bbox 493 1774 540 1836; x_wconf 85' lang='lat' dir='ltr'><strong>sit.</strong></span> <span class='ocrx_word' id='word_1_155' title='bbox 582 1773 723 1835; x_wconf 82' lang='lat' dir='ltr'><strong>Arbitror</strong></span> <span class='ocrx_word' id='word_1_156' title='bbox 742 1777 848 1855; x_wconf 83' lang='lat' dir='ltr'><strong>igitur,</strong></span> <span class='ocrx_word' id='word_1_157' title='bbox 873 1778 1032 1858; x_wconf 85' lang='lat' dir='ltr'><strong>Ulpianum</strong></span> <span class='ocrx_word' id='word_1_158' title='bbox 1049 1783 1211 1859; x_wconf 67' lang='lat' dir='ltr'><strong>genuinam·</strong></span> <span class='ocrx_word' id='word_1_159' title='bbox 1223 1847 1226 1853; x_wconf 82' lang='grc'><strong>,</strong></span> <span class='ocrx_word' id='word_1_160' title='bbox 1283 1798 1289 1809; x_wconf 86' lang='grc'><em>’</em></span> 
     </span>
     <span class='ocr_line' id='line_1_19' title="bbox 115 1857 1227 1957; baseline 0.004 -37"><span class='ocrx_word' id='word_1_161' title='bbox 115 1861 255 1922; x_wconf 85' lang='lat' dir='ltr'><strong>Oratoris</strong></span> <span class='ocrx_word' id='word_1_162' title='bbox 276 1882 397 1922; x_wconf 87' lang='lat' dir='ltr'><strong>manum</strong></span> <span class='ocrx_word' id='word_1_163' title='bbox 413 1878 546 1956; x_wconf 62' lang='lat' dir='ltr'><strong>servasse</strong></span> <span class='ocrx_word' id='word_1_164' title='bbox 566 1857 814 1956; x_wconf 56' lang='lat' dir='ltr'><strong>scribendumque</strong></span> <span class='ocrx_word' id='word_1_165' title='bbox 834 1881 899 1923; x_wconf 86' lang='lat' dir='ltr'><strong>esss</strong></span> <span class='ocrx_word' id='word_1_166' title='bbox 917 1863 1014 1953; x_wconf 65' lang='grc' dir='ltr'><strong><em>τρέψῃ</em></strong></span> <span class='ocrx_word' id='word_1_167' title='bbox 1032 1886 1066 1930; x_wconf 73' lang='lat' dir='ltr'><strong>ss</strong></span> <span class='ocrx_word' id='word_1_168' title='bbox 1083 1866 1135 1930; x_wconf 72' lang='lat' dir='ltr'><strong>seul</strong></span> <span class='ocrx_word' id='word_1_169' title='bbox 1151 1890 1227 1957; x_wconf 40' lang='lat' dir='ltr'><strong>m..-</strong></span> 
     </span>
     <span class='ocr_line' id='line_1_20' title="bbox 115 1956 1208 2046; baseline 0.005 -20"><span class='ocrx_word' id='word_1_170' title='bbox 115 1959 306 2045; x_wconf 75' lang='lat' dir='ltr'><strong>(raeuoiontai</strong></span> <span class='ocrx_word' id='word_1_171' title='bbox 316 1986 345 2026; x_wconf 80' lang='grc' dir='ltr'><strong>τι</strong></span> <span class='ocrx_word' id='word_1_172' title='bbox 360 1985 387 2024; x_wconf 82' lang='grc' dir='ltr'><strong>τ.</strong></span> <span class='ocrx_word' id='word_1_173' title='bbox 400 1956 426 2028; x_wconf 79' lang='grc' dir='ltr'><strong>δ’.</strong></span> <span class='ocrx_word' id='word_1_174' title='bbox 439 1984 471 2025; x_wconf 91' lang='grc' dir='ltr'><strong>π.</strong></span> <span class='ocrx_word' id='word_1_175' title='bbox 485 1988 534 2027; x_wconf 76' lang='grc' dir='ltr'><strong>ται</strong></span> <span class='ocrx_word' id='word_1_176' title='bbox 547 1971 578 2024; x_wconf 89' lang='lat' dir='ltr'><strong>et</strong></span> <span class='ocrx_word' id='word_1_177' title='bbox 589 1986 621 2026; x_wconf 80' lang='grc' dir='ltr'><strong>τε</strong></span> <span class='ocrx_word' id='word_1_178' title='bbox 642 1962 765 2042; x_wconf 79' lang='lat' dir='ltr'><strong>quoties</strong></span> <span class='ocrx_word' id='word_1_179' title='bbox 777 1963 901 2023; x_wconf 80' lang='lat' dir='ltr'><strong>confusa</strong></span> <span class='ocrx_word' id='word_1_180' title='bbox 918 1965 993 2041; x_wconf 89' lang='lat' dir='ltr'><strong>siat,</strong></span> <span class='ocrx_word' id='word_1_181' title='bbox 1008 1967 1083 2046; x_wconf 83' lang='lat' dir='ltr'><strong>quid</strong></span> <span class='ocrx_word' id='word_1_182' title='bbox 1102 1970 1208 2032; x_wconf 76' lang='lat' dir='ltr'><strong>attinet</strong></span> 
     </span>
     <span class='ocr_line' id='line_1_21' title="bbox 41 2046 1209 2132; baseline 0.009 -26"><span class='ocrx_word' id='word_1_183' title='bbox 41 2120 44 2124; x_wconf 16' lang='grc' dir='ltr'><em>Α</em></span> <span class='ocrx_word' id='word_1_184' title='bbox 115 2049 242 2108; x_wconf 80' lang='lat' dir='ltr'><strong>‹licere&#39;l</strong></span> <span class='ocrx_word' id='word_1_185' title='bbox 272 2049 302 2106; x_wconf 91' lang='lat' dir='ltr'><strong>Si</strong></span> <span class='ocrx_word' id='word_1_186' title='bbox 326 2047 393 2130; x_wconf 82' lang='lat' dir='ltr'><strong>quis</strong></span> <span class='ocrx_word' id='word_1_187' title='bbox 413 2057 513 2107; x_wconf 85' lang='lat' dir='ltr'><strong>tamen</strong></span> <span class='ocrx_word' id='word_1_188' title='bbox 532 2048 667 2126; x_wconf 88' lang='lat' dir='ltr'><strong>requirat</strong></span> <span class='ocrx_word' id='word_1_189' title='bbox 687 2049 822 2126; x_wconf 85' lang='lat' dir='ltr'><strong>exempla</strong></span> <span class='ocrx_word' id='word_1_190' title='bbox 835 2046 925 2108; x_wconf 87' lang='lat' dir='ltr'><strong>huius</strong></span> <span class='ocrx_word' id='word_1_191' title='bbox 938 2050 1136 2132; x_wconf 80' lang='lat' dir='ltr'><strong>confusionis,</strong></span> <span class='ocrx_word' id='word_1_192' title='bbox 1154 2055 1209 2116; x_wconf 87' lang='lat' dir='ltr'><strong>‹la-</strong></span> 
     </span>
     <span class='ocr_line' id='line_1_22' title="bbox 39 2125 1007 2212; baseline 0.003 -22"><span class='ocrx_word' id='word_1_193' title='bbox 39 2141 41 2144; x_wconf 86' lang='grc'><strong>’</strong></span> <span class='ocrx_word' id='word_1_194' title='bbox 79 2125 84 2135; x_wconf 79' lang='grc'><strong>’</strong></span> <span class='ocrx_word' id='word_1_195' title='bbox 116 2133 165 2192; x_wconf 88' lang='lat' dir='ltr'><strong>bit</strong></span> <span class='ocrx_word' id='word_1_196' title='bbox 177 2132 327 2192; x_wconf 86' lang='lat' dir='ltr'><strong>lacobsius</strong></span> <span class='ocrx_word' id='word_1_197' title='bbox 341 2131 380 2190; x_wconf 86' lang='lat' dir='ltr'><strong>ad</strong></span> <span class='ocrx_word' id='word_1_198' title='bbox 398 2128 519 2194; x_wconf 79' lang='lat' dir='ltr'><strong>Autbol.</strong></span> <span class='ocrx_word' id='word_1_199' title='bbox 532 2132 593 2192; x_wconf 89' lang='lat' dir='ltr'><strong>Pal.</strong></span> <span class='ocrx_word' id='word_1_200' title='bbox 606 2151 637 2212; x_wconf 86' lang='lat' dir='ltr'><strong>p.</strong></span> <span class='ocrx_word' id='word_1_201' title='bbox 652 2136 703 2198; x_wconf 78' lang='lat'><strong>87.</strong></span> <span class='ocrx_word' id='word_1_202' title='bbox 717 2127 834 2200; x_wconf 65' lang='lat' dir='ltr'><strong>etate</strong></span> <span class='ocrx_word' id='word_1_203' title='bbox 849 2152 1007 2197; x_wconf 74' lang='lat' dir='ltr'><strong>scnmraa.</strong></span> 
     </span>
    </p>
   </div>
   <div class='ocr_carea' id='block_1_7' title="bbox 115 2227 1286 3302">
    <p class='ocr_par' dir='ltr' id='par_1_7' title="bbox 115 2227 1286 3302">
     <span class='ocr_line' id='line_1_23' title="bbox 126 2227 1224 2316; baseline 0.007 -22"><span class='ocrx_word' id='word_1_204' title='bbox 126 2298 131 2308; x_wconf 65' lang='grc'><strong>,</strong></span> <span class='ocrx_word' id='word_1_205' title='bbox 182 2235 215 2294; x_wconf 90' lang='grc' dir='ltr'><strong>Ρ.</strong></span> <span class='ocrx_word' id='word_1_206' title='bbox 239 2238 288 2299; x_wconf 82' lang='lat' dir='ltr'><strong>tu</strong></span> <span class='ocrx_word' id='word_1_207' title='bbox 309 2253 340 2292; x_wconf 78' lang='grc' dir='ltr'><strong>ιι.</strong></span> <span class='ocrx_word' id='word_1_208' title='bbox 363 2238 393 2297; x_wconf 83' lang='grc'><strong>6.</strong></span> <span class='ocrx_word' id='word_1_209' title='bbox 415 2235 474 2295; x_wconf 81' lang='grc' dir='ltr'><strong>τῶν</strong></span> <span class='ocrx_word' id='word_1_210' title='bbox 488 2227 565 2297; x_wconf 74' lang='grc' dir='ltr'><strong>ὅλων</strong></span> <span class='ocrx_word' id='word_1_211' title='bbox 579 2227 773 2315; x_wconf 64' lang='grc' dir='ltr'><strong><em>πραγμάτων]</em></strong></span> <span class='ocrx_word' id='word_1_212' title='bbox 786 2232 1002 2295; x_wconf 85' lang='lat' dir='ltr'><strong>Demosthenes</strong></span> <span class='ocrx_word' id='word_1_213' title='bbox 1016 2238 1147 2316; x_wconf 86' lang='lat' dir='ltr'><strong>appellat</strong></span> <span class='ocrx_word' id='word_1_214' title='bbox 1157 2233 1224 2302; x_wconf 74' lang='lat' dir='ltr'><strong>hie</strong></span> 
     </span>
     <span class='ocr_line' id='line_1_24' title="bbox 115 2310 1211 2404; baseline 0.005 -26"><span class='ocrx_word' id='word_1_215' title='bbox 115 2317 178 2378; x_wconf 92' lang='lat' dir='ltr'><strong>loci</strong></span> <span class='ocrx_word' id='word_1_216' title='bbox 197 2316 402 2395; x_wconf 87' lang='lat' dir='ltr'><strong>similibusque</strong></span> <span class='ocrx_word' id='word_1_217' title='bbox 423 2317 488 2377; x_wconf 88' lang='lat' dir='ltr'><strong>aliis</strong></span> <span class='ocrx_word' id='word_1_218' title='bbox 500 2318 531 2376; x_wconf 89' lang='lat' dir='ltr'><strong>in</strong></span> <span class='ocrx_word' id='word_1_219' title='bbox 550 2317 625 2377; x_wconf 85' lang='lat' dir='ltr'><strong>locis</strong></span> <span class='ocrx_word' id='word_1_220' title='bbox 641 2312 678 2378; x_wconf 76' lang='lat' dir='ltr'><strong>soi</strong></span> <span class='ocrx_word' id='word_1_221' title='bbox 691 2310 848 2404; x_wconf 67' lang='lat' dir='ltr'><strong>abripiere</strong></span> <span class='ocrx_word' id='word_1_222' title='bbox 858 2317 901 2396; x_wconf 83' lang='lat' dir='ltr'><strong>id,</strong></span> <span class='ocrx_word' id='word_1_223' title='bbox 915 2320 995 2398; x_wconf 88' lang='lat' dir='ltr'><strong>quod</strong></span> <span class='ocrx_word' id='word_1_224' title='bbox 1009 2340 1063 2381; x_wconf 87' lang='lat' dir='ltr'><strong>nos</strong></span> <span class='ocrx_word' id='word_1_225' title='bbox 1076 2313 1211 2403; x_wconf 76' lang='lat' dir='ltr'><strong>appella·</strong></span> 
     </span>
     <span class='ocr_line' id='line_1_25' title="bbox 116 2397 1211 2490; baseline 0.004 -28"><span class='ocrx_word' id='word_1_226' title='bbox 116 2423 186 2462; x_wconf 85' lang='lat' dir='ltr'><strong>mus</strong></span> <span class='ocrx_word' id='word_1_227' title='bbox 204 2399 259 2462; x_wconf 70' lang='lat' dir='ltr'><strong>ilos</strong></span> <span class='ocrx_word' id='word_1_228' title='bbox 273 2399 411 2463; x_wconf 83' lang='lat' dir='ltr'><strong>Interesse</strong></span> <span class='ocrx_word' id='word_1_229' title='bbox 426 2397 476 2461; x_wconf 80' lang='lat' dir='ltr'><strong>cles</strong></span> <span class='ocrx_word' id='word_1_230' title='bbox 491 2399 624 2476; x_wconf 72' lang='lat' dir='ltr'><strong>Staures,</strong></span> <span class='ocrx_word' id='word_1_231' title='bbox 645 2399 793 2478; x_wconf 78' lang='lat' dir='ltr'><strong>idemne,</strong></span> <span class='ocrx_word' id='word_1_232' title='bbox 815 2402 852 2464; x_wconf 84' lang='lat' dir='ltr'><strong>de</strong></span> <span class='ocrx_word' id='word_1_233' title='bbox 865 2424 925 2482; x_wconf 88' lang='lat' dir='ltr'><strong>qno</strong></span> <span class='ocrx_word' id='word_1_234' title='bbox 937 2403 1050 2482; x_wconf 78' lang='lat' dir='ltr'><strong>agitur,</strong></span> <span class='ocrx_word' id='word_1_235' title='bbox 1071 2416 1100 2467; x_wconf 88' lang='lat' dir='ltr'><strong>et</strong></span> <span class='ocrx_word' id='word_1_236' title='bbox 1118 2428 1211 2490; x_wconf 72' lang='lat' dir='ltr'><strong>super</strong></span> 
     </span>
     <span class='ocr_line' id='line_1_26' title="bbox 116 2487 1286 2573; baseline 0.006 -26"><span class='ocrx_word' id='word_1_237' title='bbox 116 2489 180 2566; x_wconf 90' lang='lat' dir='ltr'><strong>quo&#39;</strong></span> <span class='ocrx_word' id='word_1_238' title='bbox 204 2496 351 2561; x_wconf 85' lang='lat' dir='ltr'><strong>certatur,</strong></span> <span class='ocrx_word' id='word_1_239' title='bbox 376 2493 412 2543; x_wconf 89' lang='lat' dir='ltr'><strong>ut</strong></span> <span class='ocrx_word' id='word_1_240' title='bbox 430 2494 640 2559; x_wconf 88' lang='lat' dir='ltr'><strong>conservetur,</strong></span> <span class='ocrx_word' id='word_1_241' title='bbox 664 2495 710 2557; x_wconf 74' lang='lat' dir='ltr'><strong>ut,</strong></span> <span class='ocrx_word' id='word_1_242' title='bbox 727 2487 843 2548; x_wconf 85' lang='lat' dir='ltr'><strong>salvum</strong></span> <span class='ocrx_word' id='word_1_243' title='bbox 863 2497 952 2568; x_wconf 83' lang='lat' dir='ltr'><strong>atque</strong></span> <span class='ocrx_word' id='word_1_244' title='bbox 972 2509 1076 2568; x_wconf 89' lang='lat' dir='ltr'><strong>sospes</strong></span> <span class='ocrx_word' id='word_1_245' title='bbox 1093 2494 1211 2573; x_wconf 83' lang='lat' dir='ltr'><strong>populo</strong></span> <span class='ocrx_word' id='word_1_246' title='bbox 1283 2512 1286 2517; x_wconf 85' lang='lat'>·</span> 
     </span>
     <span class='ocr_line' id='line_1_27' title="bbox 116 2569 1212 2657; baseline 0.007 -27"><span class='ocrx_word' id='word_1_247' title='bbox 116 2571 212 2630; x_wconf 86' lang='lat' dir='ltr'><strong>alicui</strong></span> <span class='ocrx_word' id='word_1_248' title='bbox 223 2579 351 2645; x_wconf 86' lang='lat' dir='ltr'><strong>maneat,</strong></span> <span class='ocrx_word' id='word_1_249' title='bbox 368 2577 420 2629; x_wconf 88' lang='lat' dir='ltr'><strong>aut</strong></span> <span class='ocrx_word' id='word_1_250' title='bbox 436 2571 523 2629; x_wconf 85' lang='lat' dir='ltr'><strong>etiam</strong></span> <span class='ocrx_word' id='word_1_251' title='bbox 534 2569 732 2648; x_wconf 84' lang='lat' dir='ltr'><strong>amplificetur</strong></span> <span class='ocrx_word' id='word_1_252' title='bbox 749 2581 839 2650; x_wconf 88' lang='lat' dir='ltr'><strong>atque</strong></span> <span class='ocrx_word' id='word_1_253' title='bbox 855 2574 1020 2649; x_wconf 86' lang='lat' dir='ltr'><strong>increscat,</strong></span> <span class='ocrx_word' id='word_1_254' title='bbox 1033 2594 1106 2654; x_wconf 85' lang='lat' dir='ltr'><strong>opes</strong></span> <span class='ocrx_word' id='word_1_255' title='bbox 1120 2586 1212 2657; x_wconf 83' lang='lat' dir='ltr'><strong>atque</strong></span> 
     </span>
     <span class='ocr_line' id='line_1_28' title="bbox 115 2653 1211 2739; baseline 0.005 -25"><span class='ocrx_word' id='word_1_256' title='bbox 115 2657 255 2724; x_wconf 74' lang='lat' dir='ltr'><strong>maiestas</strong></span> <span class='ocrx_word' id='word_1_257' title='bbox 280 2656 372 2732; x_wconf 77' lang='lat' dir='ltr'><strong>reip,</strong></span> <span class='ocrx_word' id='word_1_258' title='bbox 394 2653 457 2714; x_wconf 86' lang='lat' dir='ltr'><strong>siva</strong></span> <span class='ocrx_word' id='word_1_259' title='bbox 478 2664 548 2713; x_wconf 77' lang='lat' dir='ltr'><strong>aurit</strong></span> <span class='ocrx_word' id='word_1_260' title='bbox 564 2655 699 2713; x_wconf 83' lang='lat' dir='ltr'><strong>locorum</strong></span> <span class='ocrx_word' id='word_1_261' title='bbox 718 2655 939 2734; x_wconf 82' lang='lat' dir='ltr'><strong>possessiones,</strong></span> <span class='ocrx_word' id='word_1_262' title='bbox 967 2658 1030 2718; x_wconf 87' lang='lat' dir='ltr'><strong>sive</strong></span> <span class='ocrx_word' id='word_1_263' title='bbox 1050 2659 1211 2739; x_wconf 83' lang='lat' dir='ltr'><strong>sociorum,</strong></span> 
     </span>
     <span class='ocr_line' id='line_1_29' title="bbox 116 2737 1212 2818; baseline 0.006 -20"><span class='ocrx_word' id='word_1_264' title='bbox 116 2741 183 2799; x_wconf 85' lang='lat' dir='ltr'><strong>sive</strong></span> <span class='ocrx_word' id='word_1_265' title='bbox 206 2741 305 2813; x_wconf 90' lang='lat' dir='ltr'><strong>numi,</strong></span> <span class='ocrx_word' id='word_1_266' title='bbox 331 2737 394 2803; x_wconf 84' lang='lat' dir='ltr'><strong>sive</strong></span> <span class='ocrx_word' id='word_1_267' title='bbox 415 2738 520 2817; x_wconf 88' lang='lat' dir='ltr'><strong>copiae</strong></span> <span class='ocrx_word' id='word_1_268' title='bbox 537 2738 696 2813; x_wconf 82' lang='lat' dir='ltr'><strong>nnlitarea,</strong></span> <span class='ocrx_word' id='word_1_269' title='bbox 722 2739 786 2799; x_wconf 88' lang='lat' dir='ltr'><strong>sive</strong></span> <span class='ocrx_word' id='word_1_270' title='bbox 811 2761 921 2815; x_wconf 82' lang='lat' dir='ltr'><strong>naves,</strong></span> <span class='ocrx_word' id='word_1_271' title='bbox 948 2739 1010 2798; x_wconf 87' lang='lat' dir='ltr'><strong>sive</strong></span> <span class='ocrx_word' id='word_1_272' title='bbox 1031 2745 1212 2818; x_wconf 82' lang='lat' dir='ltr'><strong>a1·rna,.sive</strong></span> 
     </span>
     <span class='ocr_line' id='line_1_30' title="bbox 118 2821 1211 2905; baseline 0.005 -23"><span class='ocrx_word' id='word_1_273' title='bbox 118 2824 367 2882; x_wconf 76' lang='lat' dir='ltr'><strong>connnercierurn</strong></span> <span class='ocrx_word' id='word_1_274' title='bbox 386 2842 455 2879; x_wconf 89' lang='lat' dir='ltr'><strong>cum</strong></span> <span class='ocrx_word' id='word_1_275' title='bbox 479 2821 588 2880; x_wconf 86' lang='lat' dir='ltr'><strong>exteris</strong></span> <span class='ocrx_word' id='word_1_276' title='bbox 603 2822 793 2898; x_wconf 76' lang='lat' dir='ltr'><strong>agitationes,</strong></span> <span class='ocrx_word' id='word_1_277' title='bbox 816 2823 878 2882; x_wconf 87' lang='lat' dir='ltr'><strong>sive</strong></span> <span class='ocrx_word' id='word_1_278' title='bbox 896 2824 1074 2882; x_wconf 85' lang='lat' dir='ltr'><strong>annonariae</strong></span> <span class='ocrx_word' id='word_1_279' title='bbox 1094 2828 1211 2905; x_wconf 88' lang='lat' dir='ltr'><strong>copiae,</strong></span> 
     </span>
     <span class='ocr_line' id='line_1_31' title="bbox 118 2902 1213 2987; baseline 0.001 -19"><span class='ocrx_word' id='word_1_280' title='bbox 118 2918 152 2968; x_wconf 89' lang='lat' dir='ltr'><strong>et</strong></span> <span class='ocrx_word' id='word_1_281' title='bbox 174 2927 367 2987; x_wconf 84' lang='lat' dir='ltr'><strong>quaecunque</strong></span> <span class='ocrx_word' id='word_1_282' title='bbox 386 2902 466 2963; x_wconf 83' lang='lat' dir='ltr'><strong>bello</strong></span> <span class='ocrx_word' id='word_1_283' title='bbox 487 2905 615 2982; x_wconf 84' lang='lat' dir='ltr'><strong>gerendo</strong></span> <span class='ocrx_word' id='word_1_284' title='bbox 635 2906 817 2983; x_wconf 86' lang='lat' dir='ltr'><strong>inserviunt,</strong></span> <span class='ocrx_word' id='word_1_285' title='bbox 844 2927 921 2984; x_wconf 88' lang='lat' dir='ltr'><strong>quae</strong></span> <span class='ocrx_word' id='word_1_286' title='bbox 948 2905 1030 2964; x_wconf 82' lang='lat' dir='ltr'><strong>salva</strong></span> <span class='ocrx_word' id='word_1_287' title='bbox 1049 2927 1113 2969; x_wconf 86' lang='lat' dir='ltr'><strong>esse</strong></span> <span class='ocrx_word' id='word_1_288' title='bbox 1133 2911 1213 2983; x_wconf 77' lang='lat' dir='ltr'><strong>mul·¹</strong></span> 
     </span>
     <span class='ocr_line' id='line_1_32' title="bbox 117 2988 1213 3073; baseline 0.003 -23"><span class='ocrx_word' id='word_1_289' title='bbox 117 3002 185 3050; x_wconf 88' lang='lat' dir='ltr'><strong>tum</strong></span> <span class='ocrx_word' id='word_1_290' title='bbox 214 2995 347 3051; x_wconf 87' lang='lat' dir='ltr'><strong>interest.</strong></span> <span class='ocrx_word' id='word_1_291' title='bbox 391 2990 441 3049; x_wconf 84' lang='lat' dir='ltr'><strong>Sic</strong></span> <span class='ocrx_word' id='word_1_292' title='bbox 463 2988 561 3048; x_wconf 86' lang='lat' dir='ltr'><strong>Latini</strong></span> <span class='ocrx_word' id='word_1_293' title='bbox 579 3009 699 3069; x_wconf 86' lang='lat' dir='ltr'><strong>qnoque</strong></span> <span class='ocrx_word' id='word_1_294' title='bbox 723 2994 793 3049; x_wconf 77' lang='lat' dir='ltr'><strong>voc.</strong></span> <span class='ocrx_word' id='word_1_295' title='bbox 819 3012 863 3049; x_wconf 86' lang='lat' dir='ltr'><strong>res</strong></span> <span class='ocrx_word' id='word_1_296' title='bbox 883 3000 1046 3068; x_wconf 84' lang='lat' dir='ltr'><strong>usurpant,</strong></span> <span class='ocrx_word' id='word_1_297' title='bbox 1073 2999 1108 3051; x_wconf 88' lang='lat' dir='ltr'><strong>ut</strong></span> <span class='ocrx_word' id='word_1_298' title='bbox 1131 2992 1213 3073; x_wconf 77' lang='lat' dir='ltr'><strong>apud</strong></span> 
     </span>
     <span class='ocr_line' id='line_1_33' title="bbox 118 3072 1214 3158; baseline 0.002 -25"><span class='ocrx_word' id='word_1_299' title='bbox 118 3076 238 3135; x_wconf 81' lang='lat' dir='ltr'><strong>Livium</strong></span> <span class='ocrx_word' id='word_1_300' title='bbox 257 3076 314 3148; x_wconf 74' lang='lat'><strong>25,</strong></span> <span class='ocrx_word' id='word_1_301' title='bbox 332 3079 384 3142; x_wconf 80' lang='grc'><strong>87.</strong></span> <span class='ocrx_word' id='word_1_302' title='bbox 407 3072 444 3133; x_wconf 87' lang='lat' dir='ltr'><strong>Si</strong></span> <span class='ocrx_word' id='word_1_303' title='bbox 463 3074 572 3154; x_wconf 82' lang='lat' dir='ltr'><strong>coeptis</strong></span> <span class='ocrx_word' id='word_1_304' title='bbox 594 3074 789 3151; x_wconf 82' lang='lat' dir='ltr'><strong>successisset,</strong></span> <span class='ocrx_word' id='word_1_305' title='bbox 811 3095 841 3132; x_wconf 83' lang='lat' dir='ltr'><strong>se</strong></span> <span class='ocrx_word' id='word_1_306' title='bbox 860 3097 904 3135; x_wconf 87' lang='lat' dir='ltr'><strong>res</strong></span> <span class='ocrx_word' id='word_1_307' title='bbox 925 3096 951 3132; x_wconf 84' lang='lat' dir='ltr'><strong>o·</strong></span> <span class='ocrx_word' id='word_1_308' title='bbox 982 3089 1056 3136; x_wconf 76' lang='lat' dir='ltr'><strong>totos</strong></span> <span class='ocrx_word' id='word_1_309' title='bbox 1076 3091 1214 3158; x_wconf 72' lang='lat' dir='ltr'><strong>recepta·-</strong></span> 
     </span>
     <span class='ocr_line' id='line_1_34' title="bbox 118 3157 1214 3237; baseline 0.004 -19"><span class='ocrx_word' id='word_1_310' title='bbox 118 3183 196 3218; x_wconf 80' lang='lat' dir='ltr'><strong>rum.</strong></span> <span class='ocrx_word' id='word_1_311' title='bbox 228 3180 324 3219; x_wconf 77' lang='lat' dir='ltr'><strong>nmen.</strong></span> <span class='ocrx_word' id='word_1_312' title='bbox 378 3157 539 3237; x_wconf 84' lang='lat' dir='ltr'><strong>Compares</strong></span> <span class='ocrx_word' id='word_1_313' title='bbox 565 3158 725 3235; x_wconf 86' lang='lat' dir='ltr'><strong>Latinum,</strong></span> <span class='ocrx_word' id='word_1_314' title='bbox 759 3178 874 3218; x_wconf 80' lang='lat' dir='ltr'><strong>summe</strong></span> <span class='ocrx_word' id='word_1_315' title='bbox 901 3179 946 3229; x_wconf 73' lang='lat' dir='ltr'><strong>res</strong></span> <span class='ocrx_word' id='word_1_316' title='bbox 957 3204 968 3234; x_wconf 92' lang='lat'><strong>,</strong></span> <span class='ocrx_word' id='word_1_317' title='bbox 1002 3182 1132 3221; x_wconf 82' lang='lat' dir='ltr'><strong>summae</strong></span> <span class='ocrx_word' id='word_1_318' title='bbox 1159 3184 1214 3235; x_wconf 84' lang='lat' dir='ltr'><strong>res,</strong></span> 
     </span>
     <span class='ocr_line' id='line_1_35' title="bbox 119 3262 280 3302; baseline 0.006 -1"><span class='ocrx_word' id='word_1_319' title='bbox 119 3262 280 3302; x_wconf 76' lang='lat' dir='ltr'><strong>scissuras.</strong></span> 
     </span>
    </p>
   </div>
   <div class='ocr_carea' id='block_1_8' title="bbox 119 3340 1327 4284">
    <p class='ocr_par' dir='ltr' id='par_1_8' title="bbox 119 3340 1275 4012">
     <span class='ocr_line' id='line_1_36' title="bbox 184 3340 1214 3425; baseline 0.007 -22"><span class='ocrx_word' id='word_1_320' title='bbox 184 3340 217 3404; x_wconf 88' lang='lat' dir='ltr'><strong>P.</strong></span> <span class='ocrx_word' id='word_1_321' title='bbox 241 3349 289 3410; x_wconf 88' lang='grc'><strong>10.</strong></span> <span class='ocrx_word' id='word_1_322' title='bbox 311 3362 341 3403; x_wconf 83' lang='lat' dir='ltr'><strong>v.</strong></span> <span class='ocrx_word' id='word_1_323' title='bbox 363 3347 393 3410; x_wconf 87' lang='grc'><strong>7.</strong></span> <span class='ocrx_word' id='word_1_324' title='bbox 415 3340 564 3417; x_wconf 78' lang='grc' dir='ltr'><strong>ἐπιεικῶς]</strong></span> <span class='ocrx_word' id='word_1_325' title='bbox 584 3343 678 3404; x_wconf 84' lang='lat' dir='ltr'><strong>ferma</strong></span> <span class='ocrx_word' id='word_1_326' title='bbox 685 3340 885 3425; x_wconf 83' lang='lat' dir='ltr'><strong>,plerumque</strong></span> <span class='ocrx_word' id='word_1_327' title='bbox 892 3387 901 3421; x_wconf 93' lang='lat'><strong>,</strong></span> <span class='ocrx_word' id='word_1_328' title='bbox 922 3345 1127 3424; x_wconf 88' lang='lat' dir='ltr'><strong>potissimum,</strong></span> <span class='ocrx_word' id='word_1_329' title='bbox 1134 3369 1214 3410; x_wconf 49' lang='lat' dir='ltr'><strong>&gt;are-</strong></span> 
     </span>
     <span class='ocr_line' id='line_1_37' title="bbox 119 3426 1215 3513; baseline -0.001 -26"><span class='ocrx_word' id='word_1_330' title='bbox 119 3428 258 3488; x_wconf 78' lang='lat' dir='ltr'><strong>berrlnie.</strong></span> <span class='ocrx_word' id='word_1_331' title='bbox 302 3428 381 3486; x_wconf 83' lang='lat' dir='ltr'><strong>Cllul</strong></span> <span class='ocrx_word' id='word_1_332' title='bbox 404 3426 434 3485; x_wconf 80' lang='lat' dir='ltr'><strong>ll.</strong></span> <span class='ocrx_word' id='word_1_333' title='bbox 453 3428 474 3487; x_wconf 88' lang='lat' dir='ltr'><strong>l.</strong></span> <span class='ocrx_word' id='word_1_334' title='bbox 493 3427 694 3504; x_wconf 76' lang='lat' dir='ltr'><strong>Hermogenes</strong></span> <span class='ocrx_word' id='word_1_335' title='bbox 719 3449 750 3506; x_wconf 89' lang='lat' dir='ltr'><strong>p.</strong></span> <span class='ocrx_word' id='word_1_336' title='bbox 769 3433 842 3495; x_wconf 77' lang='grc'><strong>864.</strong></span> <span class='ocrx_word' id='word_1_337' title='bbox 871 3427 985 3493; x_wconf 72' lang='grc' dir='ltr'><strong>ἔννοιαι</strong></span> <span class='ocrx_word' id='word_1_338' title='bbox 1001 3434 1055 3509; x_wconf 74' lang='grc' dir='ltr'><strong>τῆς</strong></span> <span class='ocrx_word' id='word_1_339' title='bbox 1074 3428 1215 3513; x_wconf 64' lang='grc' dir='ltr'><strong>τοιαύτης</strong></span> 
     </span>
     <span class='ocr_line' id='line_1_38' title="bbox 122 3506 1216 3595; baseline -0.002 -20"><span class='ocrx_word' id='word_1_340' title='bbox 122 3506 295 3586; x_wconf 81' lang='grc' dir='ltr'><strong><em>δεινότητος</em></strong></span> <span class='ocrx_word' id='word_1_341' title='bbox 319 3513 353 3573; x_wconf 79' lang='grc' dir='ltr'><strong>αἱ</strong></span> <span class='ocrx_word' id='word_1_342' title='bbox 368 3506 603 3592; x_wconf 73' lang='grc' dir='ltr'><strong><em>παράδοξοικαὶ</em></strong></span> <span class='ocrx_word' id='word_1_343' title='bbox 628 3516 765 3592; x_wconf 80' lang='grc' dir='ltr'><strong>βαθεῖαι,</strong></span> <span class='ocrx_word' id='word_1_344' title='bbox 793 3512 846 3574; x_wconf 74' lang='grc' dir='ltr'><strong>καὶ</strong></span> <span class='ocrx_word' id='word_1_345' title='bbox 864 3507 942 3587; x_wconf 68' lang='grc' dir='ltr'><strong>ὅλως</strong></span> <span class='ocrx_word' id='word_1_346' title='bbox 960 3516 995 3578; x_wconf 80' lang='grc' dir='ltr'><strong>αἱ</strong></span> <span class='ocrx_word' id='word_1_347' title='bbox 1007 3517 1216 3595; x_wconf 71' lang='grc' dir='ltr'><strong>περιαενοημδ.Ι</strong></span> 
     </span>
     <span class='ocr_line' id='line_1_39' title="bbox 120 3587 1214 3676; baseline -0.003 -16"><span class='ocrx_word' id='word_1_348' title='bbox 120 3620 185 3669; x_wconf 79' lang='grc' dir='ltr'><strong>ναι,</strong></span> <span class='ocrx_word' id='word_1_349' title='bbox 208 3591 287 3659; x_wconf 80' lang='grc' dir='ltr'>οἷον·</span> <span class='ocrx_word' id='word_1_350' title='bbox 311 3589 349 3659; x_wconf 79' lang='lat' dir='ltr'><strong>eei</strong></span> <span class='ocrx_word' id='word_1_351' title='bbox 363 3592 422 3676; x_wconf 76' lang='grc' dir='ltr'><strong>μὴν</strong></span> <span class='ocrx_word' id='word_1_352' title='bbox 437 3587 503 3656; x_wconf 76' lang='lat' dir='ltr'><strong>sitt&#39;</strong></span> <span class='ocrx_word' id='word_1_353' title='bbox 519 3596 654 3669; x_wconf 74' lang='grc' dir='ltr'><strong>ἐπιεικῶς</strong></span> <span class='ocrx_word' id='word_1_354' title='bbox 674 3605 730 3654; x_wconf 86' lang='lat' dir='ltr'><strong>etc.</strong></span> <span class='ocrx_word' id='word_1_355' title='bbox 749 3617 847 3655; x_wconf 75' lang='lat' dir='ltr'><strong>amsa.</strong></span> <span class='ocrx_word' id='word_1_356' title='bbox 890 3599 1018 3676; x_wconf 85' lang='lat' dir='ltr'><strong>Etymol.</strong></span> <span class='ocrx_word' id='word_1_357' title='bbox 1037 3598 1077 3658; x_wconf 82' lang='lat' dir='ltr'><strong>ll.</strong></span> <span class='ocrx_word' id='word_1_358' title='bbox 1099 3620 1125 3657; x_wconf 88' lang='lat' dir='ltr'><strong>c.</strong></span> <span class='ocrx_word' id='word_1_359' title='bbox 1140 3605 1214 3676; x_wconf 77' lang='lat'><strong>359,</strong></span> 
     </span>
     <span class='ocr_line' id='line_1_40' title="bbox 121 3672 1217 3760; baseline 0.006 -20"><span class='ocrx_word' id='word_1_360' title='bbox 121 3686 175 3747; x_wconf 83' lang='lat'><strong>35.</strong></span> <span class='ocrx_word' id='word_1_361' title='bbox 191 3672 358 3752; x_wconf 78' lang='grc' dir='ltr'><strong>Ἐπιεικῶς.</strong></span> <span class='ocrx_word' id='word_1_362' title='bbox 393 3674 427 3742; x_wconf 76' lang='lat' dir='ltr'><strong>sti</strong></span> <span class='ocrx_word' id='word_1_363' title='bbox 447 3678 598 3757; x_wconf 76' lang='grc' dir='ltr'><strong><em>ἔπίῤῥημα</em></strong></span> <span class='ocrx_word' id='word_1_364' title='bbox 618 3683 708 3742; x_wconf 78' lang='grc' dir='ltr'><strong>τοῦτο</strong></span> <span class='ocrx_word' id='word_1_365' title='bbox 732 3678 876 3759; x_wconf 67' lang='lat' dir='ltr'><strong>enuclees!</strong></span> <span class='ocrx_word' id='word_1_366' title='bbox 894 3677 927 3744; x_wconf 80' lang='lat' dir='ltr'><strong>ni</strong></span> <span class='ocrx_word' id='word_1_367' title='bbox 948 3679 1042 3744; x_wconf 75' lang='grc' dir='ltr'><strong><em>πάνυ·</em></strong></span> <span class='ocrx_word' id='word_1_368' title='bbox 1079 3687 1217 3760; x_wconf 74' lang='grc' dir='ltr'><strong>σημαίνει</strong></span> 
     </span>
     <span class='ocr_line' id='line_1_41' title="bbox 122 3755 1215 3846; baseline 0.002 -20"><span class='ocrx_word' id='word_1_369' title='bbox 122 3765 176 3826; x_wconf 75' lang='grc' dir='ltr'><strong>καὶ</strong></span> <span class='ocrx_word' id='word_1_370' title='bbox 194 3760 227 3826; x_wconf 64' lang='lat' dir='ltr'><strong>w*</strong></span> <span class='ocrx_word' id='word_1_371' title='bbox 245 3758 424 3843; x_wconf 78' lang='grc' dir='ltr'><strong><em>παραδόξως</em></strong></span> <span class='ocrx_word' id='word_1_372' title='bbox 442 3763 493 3825; x_wconf 77' lang='grc' dir='ltr'><strong>καὶ</strong></span> <span class='ocrx_word' id='word_1_373' title='bbox 512 3755 589 3842; x_wconf 79' lang='grc' dir='ltr'><strong><em>παρ’</em></strong></span> <span class='ocrx_word' id='word_1_374' title='bbox 605 3763 709 3826; x_wconf 76' lang='grc' dir='ltr'><strong><em>ἐλπίδα</em></strong></span> <span class='ocrx_word' id='word_1_375' title='bbox 720 3797 772 3827; x_wconf 90' lang='grc'><strong>-.</strong></span> <span class='ocrx_word' id='word_1_376' title='bbox 794 3765 854 3837; x_wconf 85' lang='lat' dir='ltr'><strong>Qui</strong></span> <span class='ocrx_word' id='word_1_377' title='bbox 874 3761 1052 3846; x_wconf 77' lang='grc' dir='ltr'><strong><em>παραδόξως</em></strong></span> <span class='ocrx_word' id='word_1_378' title='bbox 1070 3767 1122 3827; x_wconf 83' lang='grc' dir='ltr'><strong>καὶ</strong></span> <span class='ocrx_word' id='word_1_379' title='bbox 1140 3758 1215 3843; x_wconf 74' lang='grc' dir='ltr'><strong><em>παρ’</em></strong></span> 
     </span>
     <span class='ocr_line' id='line_1_42' title="bbox 122 3847 1275 3929; baseline -0.003 -15"><span class='ocrx_word' id='word_1_380' title='bbox 122 3849 235 3914; x_wconf 73' lang='grc' dir='ltr'><strong><em>ἐλπίδα</em></strong></span> <span class='ocrx_word' id='word_1_381' title='bbox 247 3849 411 3925; x_wconf 78' lang='lat' dir='ltr'><strong>significare</strong></span> <span class='ocrx_word' id='word_1_382' title='bbox 431 3856 592 3925; x_wconf 83' lang='lat' dir='ltr'><strong>putarunt,</strong></span> <span class='ocrx_word' id='word_1_383' title='bbox 610 3847 755 3915; x_wconf 74' lang='lat' dir='ltr'><strong>videntur,</strong></span> <span class='ocrx_word' id='word_1_384' title='bbox 768 3849 855 3926; x_wconf 88' lang='lat' dir='ltr'><strong>talia,</strong></span> <span class='ocrx_word' id='word_1_385' title='bbox 884 3851 972 3929; x_wconf 88' lang='lat' dir='ltr'><strong>quale</strong></span> <span class='ocrx_word' id='word_1_386' title='bbox 992 3850 1043 3910; x_wconf 90' lang='lat' dir='ltr'><strong>hic</strong></span> <span class='ocrx_word' id='word_1_387' title='bbox 1056 3849 1216 3929; x_wconf 85' lang='lat' dir='ltr'><strong>babemus,</strong></span> <span class='ocrx_word' id='word_1_388' title='bbox 1271 3885 1275 3903; x_wconf 62' lang='grc' dir='ltr'>ι</span> 
     </span>
     <span class='ocr_line' id='line_1_43' title="bbox 122 3933 1211 4012; baseline -0.011 -19"><span class='ocrx_word' id='word_1_389' title='bbox 122 3933 299 4012; x_wconf 84' lang='lat' dir='ltr'><strong>respexisse.</strong></span> <span class='ocrx_word' id='word_1_390' title='bbox 319 3952 478 3991; x_wconf 75' lang='lat' dir='ltr'><strong>sesmarum</strong></span> <span class='ocrx_word' id='word_1_391' title='bbox 1208 4002 1211 4009; x_wconf 33' lang='grc' dir='ltr'>Ι</span> 
     </span>
    </p>

    <p class='ocr_par' dir='ltr' id='par_1_9' title="bbox 124 4027 1327 4284">
     <span class='ocr_line' id='line_1_44' title="bbox 188 4027 1327 4116; baseline 0.004 -23"><span class='ocrx_word' id='word_1_392' title='bbox 188 4036 221 4094; x_wconf 87' lang='grc' dir='ltr'><strong>Ρ.</strong></span> <span class='ocrx_word' id='word_1_393' title='bbox 245 4041 294 4100; x_wconf 69' lang='lat' dir='ltr'><strong>tt).</strong></span> <span class='ocrx_word' id='word_1_394' title='bbox 315 4054 346 4092; x_wconf 82' lang='lat' dir='ltr'><strong>r.</strong></span> <span class='ocrx_word' id='word_1_395' title='bbox 368 4037 398 4097; x_wconf 83' lang='lat'><strong>9.</strong></span> <span class='ocrx_word' id='word_1_396' title='bbox 433 4027 716 4114; x_wconf 76' lang='grc' dir='ltr'><strong><em>δδυσμαχῶεατον]</em></strong></span> <span class='ocrx_word' id='word_1_397' title='bbox 743 4030 817 4114; x_wconf 77' lang='grc' dir='ltr'><strong><em>ὅπερ</em></strong></span> <span class='ocrx_word' id='word_1_398' title='bbox 841 4036 928 4116; x_wconf 82' lang='grc' dir='ltr'><strong><em>δυσμ,</em></strong></span> <span class='ocrx_word' id='word_1_399' title='bbox 954 4034 1029 4113; x_wconf 81' lang='lat' dir='ltr'><strong>Aug.</strong></span> <span class='ocrx_word' id='word_1_400' title='bbox 1057 4037 1217 4113; x_wconf 83' lang='lat' dir='ltr'><strong>secundus,</strong></span> <span class='ocrx_word' id='word_1_401' title='bbox 1324 4045 1327 4050; x_wconf 83' lang='lat'>&#39;</span> 
     </span>
     <span class='ocr_line' id='line_1_45' title="bbox 124 4111 1216 4205; baseline 0.005 -27"><span class='ocrx_word' id='word_1_402' title='bbox 124 4119 194 4179; x_wconf 76' lang='lat' dir='ltr'><strong>ald.</strong></span> <span class='ocrx_word' id='word_1_403' title='bbox 213 4121 303 4178; x_wconf 84' lang='lat' dir='ltr'><strong>Folio.</strong></span> <span class='ocrx_word' id='word_1_404' title='bbox 324 4118 377 4177; x_wconf 85' lang='lat' dir='ltr'><strong>sed</strong></span> <span class='ocrx_word' id='word_1_405' title='bbox 398 4111 417 4179; x_wconf 69' lang='lat' dir='ltr'><strong>b*</strong></span> <span class='ocrx_word' id='word_1_406' title='bbox 438 4138 475 4175; x_wconf 85' lang='lat' dir='ltr'><strong>ex</strong></span> <span class='ocrx_word' id='word_1_407' title='bbox 494 4117 652 4177; x_wconf 88' lang='lat' dir='ltr'><strong>llurleiano</strong></span> <span class='ocrx_word' id='word_1_408' title='bbox 673 4128 703 4176; x_wconf 90' lang='lat' dir='ltr'><strong>et</strong></span> <span class='ocrx_word' id='word_1_409' title='bbox 722 4119 897 4183; x_wconf 80' lang='lat' dir='ltr'><strong>Loukerano</strong></span> <span class='ocrx_word' id='word_1_410' title='bbox 924 4122 1080 4183; x_wconf 75' lang='lat' dir='ltr'><strong>amount</strong></span> <span class='ocrx_word' id='word_1_411' title='bbox 1096 4125 1216 4205; x_wconf 83' lang='lat' dir='ltr'><strong>Taylor.</strong></span> 
     </span>
     <span class='ocr_line' id='line_1_46' title="bbox 126 4200 833 4284; baseline 0 -21"><span class='ocrx_word' id='word_1_412' title='bbox 126 4224 224 4263; x_wconf 74' lang='lat' dir='ltr'><strong>aaran.</strong></span> <span class='ocrx_word' id='word_1_413' title='bbox 250 4200 324 4284; x_wconf 78' lang='grc' dir='ltr'><strong><em>ὅπερ</em></strong></span> <span class='ocrx_word' id='word_1_414' title='bbox 340 4202 516 4281; x_wconf 82' lang='lat' dir='ltr'><strong>praclarum.</strong></span> <span class='ocrx_word' id='word_1_415' title='bbox 536 4223 695 4263; x_wconf 69' lang='lat' dir='ltr'><strong>semesas.</strong></span> <span class='ocrx_word' id='word_1_416' title='bbox 799 4206 833 4255; x_wconf 56' lang='lat' dir='ltr'><strong>«C</strong></span> 
     </span>
    </p>
   </div>
   <div class='ocr_carea' id='block_1_9' title="bbox 192 4295 1217 4386">
    <p class='ocr_par' dir='ltr' id='par_1_10' title="bbox 192 4295 1217 4386">
     <span class='ocr_line' id='line_1_47' title="bbox 192 4295 1217 4386; baseline 0.005 -21"><span class='ocrx_word' id='word_1_417' title='bbox 192 4307 224 4366; x_wconf 77' lang='lat'><strong>1¹.</strong></span> <span class='ocrx_word' id='word_1_418' title='bbox 248 4312 297 4385; x_wconf 76' lang='lat'><strong>10.</strong></span> <span class='ocrx_word' id='word_1_419' title='bbox 318 4325 349 4367; x_wconf 85' lang='lat' dir='ltr'><strong>v.</strong></span> <span class='ocrx_word' id='word_1_420' title='bbox 374 4310 423 4374; x_wconf 80' lang='lat'><strong>10.</strong></span> <span class='ocrx_word' id='word_1_421' title='bbox 442 4295 718 4386; x_wconf 64' lang='grc' dir='ltr'><strong>δμῑνΜμῐναπθ.</strong></span> <span class='ocrx_word' id='word_1_422' title='bbox 733 4305 917 4369; x_wconf 57' lang='lat' dir='ltr'><strong>ansa.an</strong></span> <span class='ocrx_word' id='word_1_423' title='bbox 932 4303 1217 4372; x_wconf 62' lang='lat' dir='ltr'><strong>salasensem.</strong></span> 
     </span>
    </p>
   </div>
   <div class='ocr_carea' id='block_1_10' title="bbox 0 0 1403 4724">
    <p class='ocr_par' dir='ltr' id='par_1_11' title="bbox 0 0 1403 4724">
     <span class='ocr_line' id='line_1_48' title="bbox 0 0 1403 4724; baseline 0 0"><span class='ocrx_word' id='word_1_424' title='bbox 0 0 1403 4724; x_wconf 95' lang='lat' dir='ltr'><strong> </strong></span> 
     </span>
    </p>
   </div>
  </div>
 </body>
</html>
