2768 4724
164 194 271 293 κδ’
335 224 351 271 .·
425 170 1024 281 ›nrisnnorssaarsanos
1080 211 1082 215 ·

203 418 207 425 ·
251 391 370 468 Quare,
393 390 535 470 quoniam
552 388 695 451 historiae
704 386 888 465 documenta
905 412 960 450 noa
974 391 1143 464 deliciunt,
1158 410 1210 470 age
1225 392 1264 454 de

47 538 51 545 ,
132 479 309 540 ΙῚοτιῒὶοηίε
323 475 422 537 indole
434 484 464 535 et
479 472 607 536 dictione
620 474 787 553 rideamus:
817 497 894 555 quae
908 498 1018 556 anceps
1036 486 1066 535 et
1085 475 1200 536 lubrica
1218 488 1265 537 est

165 564 346 644 disputatio,
367 583 435 620 nam
454 561 492 618 sd
513 581 633 619 sensum
652 561 713 621 fere
734 573 841 620 cuneta
862 563 1054 621 referuntur.-
1094 563 1199 641 ltaque
1214 563 1267 620 Li·-

164 649 271 709 banius
286 648 405 707 omnino
427 645 547 723 quidem
569 645 712 719 affirmat,
736 646 859 705 dicendi
881 667 973 725 genus
994 666 1170 725 omnemque
1194 667 1265 706 ora-

70 796 78 803 ,
164 734 256 794 tinnis
270 730 534 791 conformationem
548 730 717 808 languidam
737 731 886 809 quandam
906 732 963 790 sibi
976 731 1071 790 videri
1086 752 1121 790 ac
1135 732 1266 791 dissolu-

163 827 243 894 nm,
281 827 345 876 eta
368 814 573 875 Demosthenis
597 816 715 894 ingenio
738 814 947 876 abhorrentem
965 815 1032 897 ²¹);
1062 817 1115 876 sed
1135 817 1264 895 singula,

160 923 243 983 quae
260 902 387 960 maxime
404 900 596 979 displiceant,
620 921 680 959 non
696 902 925 974 commemorat,
947 902 1125 971 anianum,
1151 902 1189 960 de
1203 922 1264 981 quo
1294 929 1305 945 =
1356 916 1359 920 ·

160 986 273 1051 deinde
286 985 464 1046 videbimus.
507 985 621 1066 Atque,
643 995 793 1045 utverum
806 987 917 1058 fatear,
939 985 1012 1045 mihi
1028 1005 1163 1066 quoque,
1193 988 1266 1046 uni-

88 1065 91 1071 ’
164 1090 282 1133 ursam
296 1073 321 1130 si
336 1079 451 1150 spectes
465 1071 646 1146 orationem,
674 1070 865 1153 simplicioris
885 1071 936 1130 illa
958 1072 1167 1131 et-‘sedatioris
1180 1071 1266 1148 inge,-

164 1156 208 1233 nii
223 1156 358 1231 videtur,
382 1175 436 1213 nec
451 1165 551 1214 iassaen
569 1155 765 1214 Demosthene
779 1155 908 1234 indigna.
952 1157 1105 1235 Namque,
1129 1167 1164 1215 ut
1184 1155 1265 1215 Phos-

162 1243 225 1301 ta'us
248 1249 331 1301 reete
353 1250 456 1300 monet
474 1238 515 1318 (v.
537 1250 599 1312 net,
622 1237 678 1321 8),
705 1243 805 1299 cuncti
828 1241 1071 1321 ierosscriptores
1100 1242 1265 1320 aliquando
1293 1302 1296 1310 ,
1358 1277 1361 1282 -

162 1370 165 1377 -
188 1325 323 1386 snluluna
341 1335 462 1384 asemet
475 1325 663 1404 discrepant,
685 1346 739 1384 seu
761 1346 846 1384 casus
866 1346 917 1384 seu
939 1327 984 1385 rei
1002 1327 1080 1385 ratio
1095 1326 1263 1386 itanalerit.

197 1412 294 1471 exime
309 1420 407 1469 antoni
417 1408 477 1468 hoc
491 1409 522 1467 lit
536 1411 567 1467 in
583 1403 763 1485 dratoribus,
785 1411 836 1468 ubi
853 1410 1034 1489 permultam
1049 1411 1184 1484 interest,
1202 1431 1263 1489 quo

165 1504 315 1575 tempore,
339 1497 448 1575 quibus
459 1493 670 1583 pedientibus,
705 1495 817 1572 quade
839 1515 872 1554 re
894 1496 1005 1556 dicant.
1047 1495 1156 1555 Mirum
1172 1495 1265 1572 igitur
1333 1517 1337 1523 ’

125 1612 129 1623 ·
150 1588 226 1640 'non
248 1590 313 1652 est,
344 1581 370 1639 si
391 1575 618 1653 Demosthenes,
650 1596 741 1656 quuns
761 1589 806 1639 tot
827 1580 864 1638 de
887 1581 978 1639 rebus
998 1591 1121 1659 lanaque
1142 1580 1221 1638 inter
1232 1600 1264 1639 se

165 1665 298 1726 diversis*
312 1665 392 1724 intra
413 1665 562 1739 mediocre
586 1666 648 1723 sine
672 1663 773 1722 aubia·
785 1667 931 1743 temporis
951 1667 1084 1744 spatium
1104 1664 1265 1723 dicendum

163 1760 260 1823 esset,
290 1771 351 1808 non
372 1760 431 1807 tam
447 1749 592 1808 concinas
607 1749 705 1826 patuit
726 1749 770 1806 uti
794 1749 935 1817 orationis
954 1749 1173 1830 descriptione,
1207 1770 1265 1808 nec

162 1844 223 1894 tem
240 1835 335 1893 libero
349 1835 563 1893 sententiarum
576 1833 735 1891 illustrium
751 1834 974 1914 verborumque
986 1836 1121 1914 gravium
1141 1834 1264 1894 devolvi

51 1954 59 1978 s
161 1918 294 1981 flumine.
342 1939 347 1949 ·

167 2024 170 2029 ·
248 2003 463 2077 llucaccedit,
486 2001 687 2082 ‹puodinhis‚
711 2025 786 2082 quae
807 1986 948 2080 lepunmr
967 2003 1099 2080 anobis,
1126 2022 1186 2062 aon
1207 2021 1264 2062 au-

162 2087 303 2164 diuntur,
331 2088 528 2148 »orationibus
556 2089 652 2146 multo
677 2089 745 2167 plus
768 2089 908 2164 interest,
941 2091 1094 2168 quomodo
1115 2109 1166 2147 eae
1188 2109 1262 2146 con·
1348 2114 1351 2121 ·

60 2187 65 2194 '
158 2175 294 2254 scriptae
318 2175 393 2248 sint,
422 2168 511 2258 quam
532 2173 685 2252 quomodo
706 2172 833 2233 habitae.
892 2175 966 2232 Nem
990 2195 1049 2233 non
1070 2174 1159 2232 modo
1178 2173 1210 2231 in
1225 2173 1263 2231 iis

153 2259 357 2333 'untionibns,
382 2278 485 2336 quaes
499 2258 597 2316 scriba
615 2259 714 2335 potius
729 2267 880 2338 exceptae,
906 2279 994 2336 quam
1008 2259 1044 2316 ab
1060 2258 1127 2336 ipso
1142 2266 1262 2317 oratore

123 2386 128 2393 -
159 2346 353 2422 consignatae
370 2342 527 2416 videntur,
551 2343 642 2401 multa
657 2343 923 2422 tacilepotuerunt
941 2344 1114 2422 corrumpi,
1136 2343 1189 2400 sed
1203 2343 1263 2420 ipsi

124 2421 129 2432 ’
161 2429 253 2488 etiam
270 2439 404 2486 oratores
416 2429 466 2486 vel
477 2427 672 2506 negligentius
686 2448 738 2485 sua
754 2428 861 2487 litteris
878 2428 1060 2488 mandarunt
1071 2428 1119 2486 vel
1135 2427 1269 2503 diligen-

162 2513 222 2572 tias
236 2513 409 2591 poliverunt
428 2523 517 2591 atque
539 2522 770 2573 exornaverunt.
811 2513 931 2586 Quare,
955 2514 1035 2570 sieut
1055 2510 1092 2571 de
1118 2513 1263 2571 Cicerone

163 2606 299 2671 constat,
324 2619 389 2657 eum
407 2598 555 2656 orationes
571 2598 691 2676 publice
710 2595 826 2673 habitas
848 2597 954 2655 deinde
969 2621 985 2655 a
1003 2599 1070 2656 soro
1094 2618 1261 2674 regressum

131 2681 247 2756 13domi
265 2701 334 2742 suae
350 2704 414 2742 esse
432 2692 676 2757 commentatum,
698 2682 776 2740 idem
795 2682 831 2740 de
847 2679 1045 2741 Demosthene
1062 2682 1186 2740 dubium
1200 2702 1261 2739 non

163 2766 219 2832 est.
262 2769 337 2838 Nam
353 2778 383 2826 et
397 2766 489 2825 multa
511 2769 652 2842 leguntur
672 2767 754 2846 apud
777 2765 1004 2826 Demosthenem
1030 2769 1116 2826 aliter
1137 2769 1261 2845 scripta,

159 2871 253 2931 quam
266 2851 370 2911 habite
388 2853 511 2911 suerunt
527 2853 599 2930 ²²),
628 2861 658 2911 et
678 2871 754 2930 quae
771 2851 929 2929 leguntur,
963 2870 1021 2932 pro
1042 2851 1262 2912 commentandi

26 3104 34 3111 ³
87 3196 90 3201 ι
196 3122 242 3191 21)
259 3123 356 3197 laihan.
371 3120 390 3178 l.
403 3121 423 3175 l.
437 3128 465 3192 p'.
481 3122 530 3189 75,
551 3127 600 3179 10:
618 3115 633 3179 ὅ
649 3119 729 3199 λόγος
741 3118 776 3179 osi
791 3123 870 3179 δοκεῖ
879 3142 928 3193 μοι
948 3129 1020 3193 App.
1041 3119 1120 3177 staec.
1135 3122 1217 3190 δηλοῖ
1228 3119 1261 3175 st

267 3186 287 3262 ἡ
301 3190 403 3261 pedore
416 3192 464 3247 eorl
476 3187 494 3263 ἡ
505 3195 555 3264 τῆς
569 3191 724 3255 σννθὲσεως
738 3188 873 3262 ἁρμονία,
891 3192 963 3250 notai
983 3191 1034 3249 τὸν
1050 3190 1261 3258 deportaveris

265 3259 537 3399 ereptorem-spiens,
557 3257 686 3331 ἀνειμένη
700 3278 730 3317 ss
746 3263 793 3317 nol
813 3259 992 3331 διαλελυμένη
1011 3258 1089 3330 παρὰ
1107 3256 1159 3330 τὴν
1178 3258 1261 3315 ἰδέαν

264 3350 367 3387 τουτου
380 3351 429 3387 του
480 3351 511 3385 το
531 3352 569 3394 ος.

179 3412 241 3481 122)
258 3417 302 3468 Ita
316 3353 688 3485 A'esehinesqcoinmemorat
712 3417 850 3486 quaedam
869 3433 901 3467 ex
916 3414 1109 3467 Demosthenis
1132 3415 1261 3468 oratione

251 3488 449 3556 senescentem,
482 3485 517 3536 de
533 3484 704 3553 Dionysii‘et
721 3485 861 3539 Aeschinis
882 3483 1064 3537 similitudine
1086 3485 1192 3552 (hesch.
1207 3501 1258 3542 er.
1329 3496 1335 3505 ·

263 3573 386 3623 παραπρ.
403 3571 431 3622 p.
452 3554 525 3620 194),
545 3553 579 3605 de
594 3554 717 3621 mulieris
733 3554 896 3607 Himeraeae
915 3554 1024 3605 somnio
1046 3553 1154 3619 (Aeseh.
1170 3553 1259 3619 ibid),

176 3658 179 3663 n
265 3623 299 3675 de
313 3628 427 3689 Satyro,
446 3623 494 3692 qui
507 3623 681 3690 captivorum
692 3622 869 3693 quorundam
877 3621 1259 3679 Atheniensinmlihertatem
1336 3684 1344 3693 ι

208 3732 211 3741 .
248 3674 424 3759 'al’hilippo
436 3693 637 3760 impetraverat
650 3693 728 3756 libid.
739 3709 765 3760 p.
781 3681 861 3758 321),
888 3709 1010 3760 quarum
1025 3708 1121 3745 rerum
1135 3691 1203 3742 nihil
1218 3685 1260 3742 le·
1325 3718 1327 3725 ·

283 3761 337 3812 'tur
350 3760 379 3811 in
394 3760 586 3811 Demosthenis
600 3763 727 3814 oratione
738 3763 971 3881 unpnnpeelieiner
996 3752 1074 3812 unde?
1087 3761 1161 3812 Hier.
1181 3761 1259 3810 Wol-

193 3838 203 3857 ⁸'
284 3846 314 3881 us
328 3838 406 3881 recte
418 3829 553 3893 coniecit,
572 3832 787 3885 Demosthenem
800 3831 829 3882 iu
849 3832 895 3883 ieii
906 3839 1007 3883 eventu
1019 3828 1151 3881 edoctum
1173 3846 1259 3897 qnae·
1340 3869 1345 3874 .

263 3897 329 3950 dam
341 3906 479 3962 nautam,
497 3901 755 3968 quumorationem
775 3899 961 3953 litteriaeonsi
1001 3905 1070 3948 aret.
1106 3896 1184 3948 Idem
1205 3901 1258 3947 De-

262 3966 422 4018 mosthenes
436 3984 521 4020 novas
534 3967 669 4036 quasdam
683 3978 712 4021 et
732 3966 961 4030 inonditssdicen
981 3967 991 4016 i
1008 3965 1160 4030 formulas,
1186 3983 1257 4033 qnae

262 4044 389 4089 monstra
401 4044 429 4089 et
442 4045 573 4106 portenta
586 4039 720 4090 orationis
732 4044 816 4089 vocat
829 4033 976 4086 Aeschines
991 4036 1073 4100 (oret.
1095 4034 1124 4085 in
1137 4034 1256 4101 ctesiph.

262 4121 288 4172 p.
302 4107 352 4160 555
365 4106 454 4185 sqq),
481 4123 583 4177 magne
599 4124 633 4160 ex
651 4114 731 4175 parte
753 4105 812 4174 ipse
832 4101 943 4153 videtin
964 4119 997 4155 er
1017 4103 1188 4155 orationihiu
1201 4103 1256 4160 snis

261 4172 455 4241 exsculpsisse3
473 4192 565 4243 neque
580 4184 653 4237 eret,
680 4172 755 4243 qnod
774 4173 923 4225 miraretur
942 4170 1087 4241 Dionysius
1106 4171 1165 4224 Hal.
1181 4171 1255 4237 (περὶ

264 4247 337 4308 App.
352 4244 418 4296 deso.
432 4260 460 4312 p.
477 4246 528 4300 197
542 4243 587 4297 ed.
600 4244 696 4313 sylis),
709 4260 739 4294 se
752 4239 822 4294 nihil
838 4238 973 4293 eiusmodi
987 4241 1081 4312 legere
1093 4242 1123 4294 in
1138 4241 1194 4292 nlla
1209 4257 1255 4291 ea-

261 4324 342 4373 raun,
371 4327 443 4381 qaae
465 4320 620 4383 exstarent,
648 4309 843 4367 Demosthene
861 4309 1029 4364 orationum.
1062 4313 1255 4379 ,Quamquam
