2768 4724
59 160 62 164 Δ
118 220 214 292 ‘aa
449 171 473 233 ’·
510 218 925 291 rusurarronus
988 298 991 302 ,

168 382 341 471 hahendam
353 408 418 456 esse
430 395 530 472 fidem,
551 410 652 474 neque
677 392 937 454 condemnantium
951 402 1004 454 sut
1018 388 1270 454 marmorearum

141 574 143 583 Ι
168 508 238 558 ωε
251 516 431 579 quenquam,
448 494 509 558 nisi
521 514 612 557 causa
622 496 796 576 percognita
810 504 840 555 et
854 495 925 556 satis
940 496 1106 577 exploratu
1147 495 1274 555 haterim

171 602 249 658 tero
262 617 310 661 me
329 620 387 682 pcr
406 606 498 659 annos
514 599 683 678 complures
702 596 763 657 hoc
777 604 853 689 opus
866 598 908 657 itu
922 608 1026 659 noctes
1042 596 1165 677 diesque
1179 612 1273 657 occuss

171 701 279 783 perh,
309 711 428 763 utnon
449 700 547 761 multo
568 700 736 760 suaviorem
758 702 852 759 vitam
876 701 1001 778 egerim,
1024 716 1113 781 quam
1135 698 1173 775 ii,
1195 718 1272 779 quos
1379 722 1381 726 ¹

177 802 339 882 Dionysius
360 812 505 886 tyrarmm
524 802 558 861 in
581 800 728 862 Latomiae
750 801 946 863 coniiciebat:
984 802 1027 862 its
1048 811 1128 863 certe
1151 802 1274 881 quidem

172 903 368 983 ‘defatigavlu
388 915 434 980 ut,
456 902 508 982 qui
525 901 617 979 mihi,
638 912 710 984 post
732 920 878 964 aratrorum
897 924 940 965 η
965 900 1156 981 seruitutem,
1178 889 1286 962 otium

176 1005 339 1083 mediocre,
361 1004 445 1087 qaod
464 1013 565 1064 vestre
585 993 787 1065 munificentia
807 1005 881 1067 mihi
898 1007 987 1082 fecit,
1008 1005 1196 1083 honestoque
1213 1003 1277 1063 sti·-

178 1106 289 1185 pendio
306 1106 443 1182 decreto,
465 1104 541 1166 huec
563 1106 739 1166 elaborandi
754 1088 934 1187 potestatem
955 1107 1169 1168 et·lacnltstem
1183 1103 1279 1178 dedit,

34 1218 37 1227 '
119 1272 122 1276 ,
176 1210 351 1288 inviderit,
385 1228 485 1268 omnee
510 1226 542 1267 so
568 1207 690 1283 Zoilus,
729 1228 831 1269 omnes
858 1208 974 1269 Momos
1008 1207 1218 1268 maledicentis
1248 1215 1279 1266 et

178 1310 367 1371 'abnoctandi
382 1311 506 1371 libidine
527 1326 667 1389 superare
688 1309 825 1370 latentur.
870 1310 1029 1370 Caeterum
1044 1307 1122 1369 haec
1134 1309 1235 1389 qualia
1248 1316 1278 1367 et

179 1413 549 1493 qoennnacrmqaaeant,
570 1431 632 1471 non
653 1420 713 1472 tsnr
732 1430 799 1470 mea
817 1410 915 1485 vobis,
949 1410 1123 1490 amplissimi
1139 1409 1209 1486 viri,
1231 1409 1280 1469 ot*-

179 1511 262 1586 icro,
295 1519 385 1592 quain
409 1525 517 1599 vestra
529 1512 617 1573 vobis
635 1511 772 1572 restituo.
821 1512 982 1590 Nunquam
1010 1513 1091 1572 enim
1117 1511 1221 1572 conari
1243 1530 1280 1571 ea
1363 1493 1368 1502 ¹

78 1662 81 1666 .
183 1602 362 1692 potuissem,
390 1616 449 1679 nisi
472 1624 573 1676 vestra
591 1612 776 1690 benignitus,
806 1620 952 1692 tanquam
975 1613 1105 1674 salutare
1127 1612 1281 1693 quoddam
1372 1689 1378 1703 ·

182 1712 277 1791 sidus,
299 1716 373 1777 mihi
387 1717 555 1778 affulsisset.
598 1714 702 1794 Neque
713 1733 786 1774 vero
802 1715 854 1774 vel
875 1713 993 1794 primus
1007 1711 1098 1775 huius
1110 1717 1209 1796 operis
1223 1736 1282 1797 pa-

181 1822 301 1893 tronus,
316 1819 356 1879 ,in
372 1818 457 1878 cuius
471 1818 505 1878 id
524 1817 645 1877 nomine
663 1816 723 1875 iam
742 1817 867 1876 tertium
887 1817 1039 1896 apparuit,
1058 1817 1109 1876 vel
1123 1817 1284 1897 quisquam

181 1915 282 1992 alius,
302 1918 433 1980 levitatis
459 1938 586 1998 arguere
603 1938 651 1981 me
676 1917 797 1998 poterit.
840 1918 916 1977 Nam
939 1940 1008 1980 curn
1035 1918 1086 1979 ills
1106 1918 1138 1977 in
1159 1919 1285 1997 praedis

183 2034 241 2076 sua
270 2039 303 2080 ss
330 2029 508 2102 recepturus
542 2040 590 2080 me
621 2020 705 2099 qussi
731 2020 952 2101 emancipatum
974 2038 991 2081 s
1012 2019 1134 2094 ¹,fartilia
1166 2030 1286 2081 vestroe

89 2191 102 2216 o
181 2116 255 2178 -lidei
270 2129 300 2181 et
312 2121 486 2183 liberalitati
501 2121 716 2195 commisisset,
737 2140 798 2181 une
816 2140 935 2183 mecum
956 2121 1091 2183 etiamen
1113 2123 1200 2183 vobis
1213 2133 1285 2183 trs·-
1320 2136 1323 2147 ’

55 2208 63 2221 ’
187 2218 274 2298 elidit,
294 2242 371 2301 quae
393 2223 496 2284 Musae
517 2242 600 2284 meus
620 2221 677 2281 suh
695 2230 798 2283 vestm
817 2222 986 2304 patrocinio
1007 2224 1181 2286 effecissent.
1209 2228 1286 2286 De-

185 2320 257 2383 inde
279 2322 321 2385 ita
342 2327 446 2407 prodit
461 2323 685 2400 Demosthenes,
708 2322 812 2406 (morlo
832 2344 943 2406 operae
964 2327 1203 2408 typographicae
1221 2346 1285 2388 non

188 2423 228 2483 de
240 2425 357 2505 integro
377 2428 573 2490 delormarint
589 2448 639 2503 oa,
674 2444 750 2507 quae
783 2446 839 2505 ego
867 2446 983 2487 summo
1006 2429 1111 2491 labore
1137 2431 1286 2510 expolivi:

186 2525 278 2604 longe
300 2532 421 2610 sprelo
448 2531 562 2607 absum,
584 2538 614 2590 et
634 2528 707 2589 alias
731 2526 807 2588 alios
832 2529 952 2590 codices
967 2528 1126 2590 et'chsrtas
1140 2541 1288 2611 typogra-

186 2625 251 2707 pho
263 2630 359 2716 miei:)
374 2632 531 2712 sicigitur,
552 2632 686 2712 inquam,
707 2628 804 2712 (quod
823 2630 945 2710 quidem
963 2632 996 2691 in
1012 2652 1061 2692 me
1076 2631 1150 2713 tuit)
1164 2654 1195 2692 se
1216 2652 1288 2710 spe-
1311 2642 1314 2656 ·
1345 2678 1352 2697 ,

112 2774 116 2783 .
184 2729 331 2793 cundum
355 2733 570 2795 Demosthenes
595 2752 666 2792 curn
693 2754 753 2793 non
776 2732 965 2812 aspernando
987 2734 1133 2793 comitatu
1152 2733 1288 2812 praebet,

186 2862 190 2869 =
231 2833 305 2895 mi
324 2834 471 2897 rostris
491 2834 621 2896 Novus
643 2833 799 2894 Exuvtts
820 2832 1055 2907 NlTlDUSQUE
1071 2832 1252 2909 IDVENTA,

191 2944 224 3023 et
237 2942 283 2995 tot
297 2946 405 2998 auctus
420 2937 653 3011 accessionibus,
674 2944 710 2994 ut
726 2934 853 2996 eumdem
872 2956 938 2998 esee
952 2937 1004 2998 vix
1019 2937 1178 3015 quisquam
1198 2956 1292 3013 agno-
1369 3001 1373 3007 ¹

190 3044 265 3094 scat.
306 3035 374 3103 Hoc
394 3037 516 3116 quidem
537 3039 688 3101 affirmare
709 3040 814 3113 ausim,
837 3039 950 3097 maiore
961 3039 1096 3096 molestia
1109 3057 1188 3116 pene
1200 3037 1291 3095 unius

107 3164 110 3171 ·
194 3136 338 3197 orationis
359 3129 593 3218 recognitionem
622 3140 697 3203 mihi
721 3136 906 3213 constitisse,
939 3158 1028 3217 qnam
1046 3147 1143 3197 totam
1163 3136 1292 3216 primum

60 3285 63 3290 .
193 3238 491 3320 interpretationem:
531 3243 596 3305 sive
622 3251 676 3304 aut
699 3242 760 3300 iarn
788 3258 916 3317 urgens,
947 3248 999 3301 aut
1025 3248 1107 3300 certe
1129 3237 1295 3298 adventans

191 3350 328 3401 senectus
349 3328 460 3403 laboris
481 3362 572 3404 sensu
588 3364 671 3405 nunc
693 3343 784 3421 nragis
808 3340 961 3417 afficitur,
984 3360 1073 3421 quem
1095 3325 1160 3403 tuni
1181 3340 1294 3400 iuven·
1325 3327 1328 3331 ’

186 3440 364 3522 'tutiorigor
375 3445 509 3519 levabat:
531 3446 595 3508 sive
611 3445 694 3504 aliud
708 3450 763 3518 est,
788 3443 935 3523 quicquid
946 3444 978 3503 in
991 3454 1122 3517 mentem
1141 3443 1293 3518 inciderit,

187 3544 421 3622 aestuquodum
436 3546 528 3608 animi
541 3544 711 3619 effundere,
733 3545 825 3621 alieni,
849 3545 981 3606 scrihere
1003 3546 1158 3621 meditata,
1181 3555 1211 3606 et
1226 3546 1296 3605 sia-

90 3630 94 3637 ’
194 3643 264 3720 gula
283 3664 362 3725 peno
377 3651 471 3711 verba
495 3650 581 3728 qnasi
601 3650 714 3707 statera
736 3645 874 3707 aurificis
889 3650 1061 3730 expendere
1073 3657 1164 3729 etque
1176 3646 1297 3707 exami-
1354 3700 1358 3707 .

194 3727 276 3806 nure.
320 3749 424 3833 Neque
435 3758 535 3812 tumen
550 3744 653 3837 (qnod,
661 3769 750 3832 saepe
761 3758 889 3811 testatus
905 3770 980 3827 suar,
1004 3762 1036 3812 ct
1048 3743 1296 3830 nmrcpostreino

186 3853 334 3911 'testatum
356 3854 419 3914 esse
438 3849 526 3929 volo)
551 3850 809 3912 Demosthenicum
832 3852 1034 3932 eloquentiam
1055 3850 1298 3931 expressissemu

197 3946 325 4029 confido,
347 3951 446 4032 quiet
465 3952 628 4013 autoritate
646 3974 700 4014 sna
725 3962 816 4029 caret,
838 3950 932 4037 (quae
956 3956 1147 4034 quantumin
1166 3952 1300 4012 (licendo
1332 3966 1336 3973 ’

185 4052 311 4130 ualeat,
326 4052 400 4134 'quis
413 4053 552 4132 nesciti)
576 4074 673 4137 neque
688 4056 818 4116 lectores
840 4057 882 4116 ita
901 4064 1031 4117 attentos
1054 4054 1166 4114 habere
1187 4062 1299 4133 potest,

195 4156 248 4234 qui
263 4175 317 4215 sna
330 4152 406 4216 nihil
417 4158 699 4219 interesse·oensent
713 4179 757 4235 ea,
780 4179 857 4238 quea
881 4159 994 4240 scripta
1018 4169 1098 4236 sunt,
1120 4158 1300 4220 nituerunt

196 4256 364 4330 auditores,
403 4278 531 4341 quonmr
555 4271 588 4324 st
614 4259 744 4341 dignitas
766 4270 797 4325 et
818 4260 907 4323 'sulus
932 4260 1091 4342 agebatur:
1129 4255 1301 4321 elocutione
