2768 4724
320 179 326 189 ’
386 221 446 285 su
473 219 619 283 oasa.
637 218 696 285 ua
722 214 994 303 aruuonns.
1161 223 1228 291 aas

143 403 247 454 contra
260 391 510 455 hcedaemonios
519 398 732 470 susceperunt:
756 384 932 471 λιιμῆοαντο
946 381 1001 471 τήν
1018 412 1050 455 τι
1061 385 1163 474 χᾶιον
1176 387 1228 457 sal

142 476 199 554 saia
214 474 346 557 Ἀττικὴν
365 474 488 540 ἅπασαν
504 476 556 538 ιιαλ
574 473 629 548 eda
649 477 762 548 ολιιλας,
784 471 899 555 ὅμολις
919 473 951 539 dl
970 474 1022 538 ιιαλ
1034 472 1099 554 ’τὴν
1119 471 1228 555 λοιπὴν

108 562 113 570 ’
142 556 270 640 οὐσίαν,
290 557 351 624 ἄλλ’
365 559 448 640 ὅμως
460 557 495 625 ad
510 558 633 638 ούμιιαν
645 561 757 640 τίμημα
778 565 834 637 τῆς
853 553 939 636 sifilae
952 558 1066 623 ἐνέλιπε
1082 553 1141 622 ads
1161 560 1228 635 ἔξαι-

141 649 296 724 sanatas
309 650 478 718 ιλιαιιοσλοις
492 646 541 707 nai
554 640 739 722 ιιενιὴιιονια
750 640 914 716 ταλάντοις,
937 643 1018 702 Ηοοο
1032 643 1123 719 igitur
1140 644 1227 703 sesti·

141 732 232 791 matio
249 732 311 806 agri
332 732 394 789 sive
410 731 537 808 regionis
556 737 636 802 erat,
658 749 696 788 ex
709 728 795 799 cuius
809 749 907 789 annuo
928 729 1030 787 reditu
1053 747 1228 804 compensa-

140 816 184 885 tio
201 816 440 895 symmoritaruua
452 814 620 892 quaerenda
638 823 710 872 erat.
755 812 839 886 Quae
864 812 1082 892 compensatio,
1106 812 1160 869 etsi
1174 832 1229 873 no.-

89 958 100 967 ,
139 898 188 959 bis
201 901 376 959 minorasse
388 898 542 972 rideatur,
565 917 654 976 quam
669 918 724 976 pro
740 907 892 957 sumtuum
907 920 923 954 a
940 895 1095 971 ditioribus
1116 894 1230 955 sacien-

140 983 249 1043 dorum
264 984 465 1059 magnitudino
474 1027 482 1055 ,
504 1001 611 1060 parum
624 990 722 1041 tamen
736 981 827 1040 habet
849 982 931 1059 quod
952 1003 1005 1040 nos
1020 989 1150 1039 moveat.
1180 978 1229 1040 sia

141 1068 218 1127 enim
234 1069 343 1146 optimo
357 1068 547 1143 intelligimus
561 1065 706 1124 rationem
722 1065 923 1142 querelarum,
946 1086 1019 1143 quas
1041 1083 1101 1122 uno
1115 1085 1167 1122 ore
1181 1062 1230 1122 di·

141 1151 233 1211 tiores
252 1161 398 1230 perpetuo
420 1159 593 1223 moverunt,
614 1149 755 1227 repetitas
772 1149 927 1229 deinceps,
948 1149 1082 1228 inprimis
1095 1169 1112 1206 a
1125 1151 1229 1207 Xeno-

138 1232 250 1313 phonte
267 1236 297 1292 in
312 1234 388 1291 libro
402 1234 440 1293 de
456 1232 678 1293 Atheniensium
693 1234 829 1312 republ,
851 1235 888 1292 ab
913 1234 1046 1293 Isocrate
1065 1232 1176 1311 pssaim
1199 1242 1229 1292 et

140 1318 176 1377 ab
193 1317 340 1378 Aeschine
354 1337 380 1378 c.
395 1317 525 1396 ctesiph.
539 1339 570 1397 p.
584 1324 664 1392 163„
678 1321 730 1396 qui
744 1327 833 1376 vocat
847 1313 919 1391 toric
937 1309 1229 1398 τριηράρχους-οὖ

139 1398 176 1463 rai
186 1397 276 1463 aosvd
290 1404 537 1480 ὀιαχειρλσανιας,
562 1393 632 1473 οὕό’
651 1397 711 1464 cinti
723 1406 782 1463 τῶν
797 1396 948 1479 ὑμετέραν
961 1400 1120 1479 προοὸὁιον
1134 1395 1230 1463 πολλὰ

138 1485 193 1564 μὲν
213 1478 472 1564 ὑφαιρουμένους,
496 1484 663 1566 βραχέαὸὲ
681 1486 911 1560 κατατιθέντας,
933 1478 1101 1548 ἐπιδιδόναι
1113 1482 1145 1548 δὲ
1166 1481 1230 1562 φοῖ-

139 1587 283 1644 οιιονιας,
306 1561 505 1643 ἀποδιδόντας
528 1569 561 1632 dl
578 1561 650 1647 sipia
669 1565 704 1631 soi
723 1564 870 1649 ὖὶιέιεοα,
899 1558 960 1632 ἄλλ’
983 1560 1230 1650 ὁμολογουμένως

140 1648 196 1724 τοὶς
218 1646 358 1735 πατρῴας
379 1646 485 1726 οὐσίας
511 1655 554 1726 εἰς
570 1650 718 1731 adverada
736 1648 815 1732 ὑμᾶς
834 1646 1027 1730 ἀνηλωκότας
1046 1655 1228 1729 φιλοτιμίαν,

139 1736 242 1812 Neque
257 1736 484 1795 existimandum
499 1747 553 1811 est,
571 1747 662 1796 totam
682 1758 824 1796 summam
849 1743 933 1803 6000
953 1737 1129 1795 talentorum
1144 1758 1230 1815 sym-

139 1821 313 1879 moritarum
328 1821 430 1879 usibus
447 1842 617 1881 concessam
631 1822 730 1881 fuisse.
753 1823 845 1880 lmmo
860 1843 932 1882 vero
957 1842 995 1880 ex
1010 1822 1124 1883 tributo
1138 1831 1231 1899 quot·

140 1905 223 1962 annis
246 1904 353 1962 exinde
377 1904 406 1965 in
430 1905 575 1965 aerarium
599 1904 754 1965 referendo
777 1906 880 1985 (quod
900 1916 1003 1967 utrum
1029 1907 1161 1964 decumis
1192 1926 1229 1964 an

140 1987 199 2047 alia
223 1990 339 2048 ratione
368 1990 551 2048 aestimatum
578 1990 668 2048 luerit
694 1989 836 2048 incertius
859 1987 1000 2068 videtur)
1033 1988 1230 2067 pecuniarum

141 2073 290 2149 quaedam
318 2093 388 2151 pars
417 2073 455 2131 ad
481 2074 603 2133 navium
630 2074 854 2133 fabricationem
890 2082 1074 2148 erogatarum
1109 2072 1230 2149 publice

139 2152 332 2217 reddebatur.
366 2158 460 2215 Causa
483 2166 600 2231 sutem,
624 2178 678 2216 cur
694 2152 755 2231 hoc
778 2156 874 2215 solum
894 2157 1038 2215 tributum
1056 2152 1229 2215 trierarchis

139 2240 232 2298 luerit
244 2239 362 2317 datum,
383 2240 459 2304 haec
473 2242 563 2300 fuisse
576 2240 713 2317 videtur,
756 2241 817 2300 uod
838 2240 945 2321 rahqui
965 2240 1095 2299 'civitatis
1115 2238 1230 2321 reditus

139 2323 172 2382 in
188 2324 262 2383 alios
278 2344 348 2383 usus
362 2326 567 2401 erogabantur.
599 2326 691 2385 Erant
705 2263 828 2383 Alirenia
851 2336 971 2405 praeter
992 2345 1130 2403 agrorum
1156 2322 1230 2383 ceni·

139 2428 205 2467 sum
226 2407 256 2465 in
283 2427 341 2466 usu
362 2410 513 2486 portoria,
536 2408 749 2486 inquilinorum
771 2407 884 2469 tributa
914 2420 1017 2489 atque,
1040 2420 1074 2468 ut
1101 2409 1228 2483 videtur,

137 2492 265 2571 pecunia
281 2492 403 2568 singuiis
418 2493 565 2571 capitibus
580 2493 716 2570 imposita
727 2492 948 2571 [capitationem
963 2491 1056 2569 dicas}
1069 2538 1077 2566 ,
1092 2488 1141 2574 (Ι)
1162 2493 1230 2572 qui-

137 2577 195 2634 hus
218 2575 397 2635 accedebant
417 2585 581 2656 proventus
611 2576 724 2653 argenti
746 2594 783 2632 ex
812 2576 945 2634 metallis.
981 2578 1155 2650 Caeterum,
1192 2592 1230 2636 no

139 2661 206 2737 quis
227 2661 366 2733 miretur,
398 2660 548 2719 sPericla
568 2662 599 2718 in
622 2662 691 2719 loco
718 2659 859 2733 classico,
887 2679 946 2737 qno
965 2661 1078 2718 reditas
1096 2661 1229 2719 civitatis

139 2741 322 2802 Athenarum
341 2756 548 2816 recensentur,
571 2746 683 2803 nullam
706 2744 883 2805 mentionem
904 2742 993 2801 huius
1013 2764 1118 2802 census
1137 2744 1228 2827 iniici,

140 2823 289 2905 (Tlrucpd.
302 2828 337 2886 ll.
355 2828 419 2910 13.)
436 2838 633 2902 serum'eum,
655 2838 690 2886 ut
705 2829 827 2886 minoris
843 2830 993 2902 momenti,
1016 2828 1098 2886 adea
1111 2831 1228 2903 referri,

141 2927 217 2987 quae
236 2911 363 2971 Pericles
376 2913 534 2987 significari
550 2914 646 2971 voluit
658 2911 705 2970 his
719 2912 836 2985 verbis,
857 2907 929 2974 daeo
943 2918 996 2987 τῆς
1009 2910 1099 2988 ἄλλης
1115 2907 1229 2993 apocri*-

139 2996 212 3066 δον,
235 2994 479 3071 wyttenbachius
503 2998 540 3054 ad
561 2998 674 3056 Selecta
696 2994 772 3055 Hist.
798 3017 826 3075 p.
840 3001 911 3062 366.
926 2996 990 3055 -iam
1001 2998 1229 3068 monuit,·con-

139 3078 220 3135 sulto
231 3078 346 3135 illuma
362 3080 474 3139 Pericle
489 3083 627 3141 omissum
640 3080 742 3154 suisne,
763 3091 799 3139 ut
809 3081 919 3140 nemini
932 3081 1064 3157 ignotum
1082 3100 1138 3140 nec
1151 3083 1229 3141 forte

138 3161 245 3239 audita
258 3163 430 3223 iucundum.
452 3165 519 3223 Alia
535 3165 620 3224 stiam
639 3166 805 3223 omissionis
821 3186 923 3225 caussa
941 3166 1010 3223 addi
1024 3174 1132 3242 potest,
1147 3165 1229 3242 quod

138 3247 284 3323 Pericles,
307 3248 361 3324 qai
378 3269 495 3309 omnem
509 3250 605 3308 futuri
615 3249 688 3309 belli
700 3251 850 3310 fortunam
862 3269 976 3309 summo
989 3250 1124 3309 acumina
1136 3270 1229 3328 prae·

190 3514 230 3580 (l)
248 3516 387 3565 Heerenus
398 3513 446 3569 l.l.
458 3515 556 3581 (tdeen
564 3516 683 3571 vot-111.
696 3532 723 3586 p.
737 3486 824 3581 soih:
844 3513 1052 3636 „Kopfsteuern
1066 3532 1158 3568 waren
1173 3530 1228 3568 we·

241 3582 323 3650 niger
335 3582 380 3632 bei
395 3580 449 3632 den
466 3586 589 3654 Biirgern
607 3584 782 3655 gewhhnlich
802 3586 907 3649 (wiewo
928 3584 938 3635 l
953 3584 999 3636 ich
1022 3586 1062 3635 sie
1077 3584 1228 3636 heineswe·

241 3667 296 3720 gen
312 3648 438 3720 gttnalich
458 3650 579 3721 leugnan
592 3653 679 3719 wilt).
696 3653 740 3707 als
756 3653 801 3707 bei
823 3655 878 3706 den
895 3654 1059 3722 lnquilinen.
1078 3671 1104 3707 ν.
1122 3657 1228 3721 Harpo-

241 3727 303 3770 crat
331 3718 400 3769 iiber
421 3718 466 3771 die
480 3716 660 3791 Einrichtung
683 3722 739 3773 und
761 3722 815 3773 dea
834 3727 932 3802 δεινος
946 3722 993 3773 des
1013 3724 1179 3788 paraturos-‘⁸
1198 3730 1228 3775 et
1344 3766 1347 3773 .

261 3787 349 3842 .309.;
368 3788 417 3851 „ln
426 3784 515 3839 Athen
528 3787 606 3839 hatte
617 3803 681 3840 man
688 3790 950 3861 dieEinthessungrn
959 3791 1066 3843 Classen
1078 3789 1149 3840 nach
1163 3789 1232 3857 dean]

239 3803 443 3919 hintrommem¹
456 3856 507 3909 wie
527 3856 565 3909 aie
579 3855 676 3909 solans
687 3856 905 3930 Eiarichtungen
926 3859 954 3910 in
969 3856 1057 3910 Athen
1091 3856 1229 3926 egn'indet

239 3921 351 3989 hatten,
377 3924 449 3974 nach
473 3924 594 3976 welcher
613 3942 677 3977 man
700 3926 775 3999 ging.
811 3928 856 3981 Sie
873 3935 977 3979 aetaten
994 3876 1145 3997 allerdmgs
1165 3927 1227 3977 eine

239 3991 395 4062 Sehataung
410 4008 526 4044 vorsus:
546 3995 669 4062 (alanne-
680 3997 833 4053 Deraosth.
855 3996 920 4049 ina
941 3994 1004 4049 hob.
1021 4001 1066 4048 or.
1087 3999 1107 4047 1.
1124 4000 1173 4064 op.
1192 3996 1226 4047 11.

239 4076 267 4125 p.
279 4060 304 4112 3.
320 4063 384 4120 etc.)
403 4061 438 4113 ob
451 4063 519 4113 aher
533 4061 561 4113 in
578 4062 632 4115 den
646 4063 842 4134 griechischen
863 4066 908 4114 Stil
929 4072 974 4114 ten
994 4063 1068 4114 dieas
1086 4080 1116 4114 so
1136 4078 1229 4135 genau

238 4144 310 4191 war,
338 4128 457 4181 wieder
477 4134 576 4183 Census
596 4132 646 4183 der
668 4136 769 4202 homer
812 4134 923 4189 minoren
941 4130 991 4181 wir
1011 4130 1228 4182 unentschicden

236 4194 354 4248 lasaeh.“
388 4197 464 4249 ldem
487 4206 581 4251 tamen
604 4218 629 4269 p.
651 4202 711 4265 804,
744 4212 761 4242 ἰ
779 4180 895 4276 ’τιμημα
913 4200 961 4267 τῆς
978 4196 1066 4267 χώρας
1084 4198 1230 4251 fluctuum

237 4264 361 4319 decumis
375 4269 523 4337 quotannis
530 4268 670 4324 solvendis
682 4239 853 4365 0033&
865 4267 1008 4322 susurrat.
1025 4274 1232 4322 mmarooau‘r.
1272 4294 1275 4299 ·
