2768 4724
132 219 141 238 ’
181 230 246 295 sse
331 206 335 219 '
539 219 915 282 ennorrrronrs

181 392 408 473 intelligeretis,
429 409 491 452 aaa
504 388 740 467 decernendum,
762 391 818 452 sed
837 393 1000 469 gerendum
1021 413 1085 456 esse
1097 392 1224 456 bellum.
1240 389 1278 460 ri

183 477 243 564 ὅτῳ
257 482 324 559 oapi
340 485 440 557 potest
460 482 598 551 τελεκοός,
619 470 687 540 deal
701 481 757 540 τοῦ
777 467 877 560 ἐφ’β,
898 473 922 556 si
940 481 992 540 isa
1014 477 1065 559 μή.
1098 480 1163 558 Ego
1181 481 1278 541 vetti:

182 562 219 625 id
237 566 312 625 enim
328 584 425 621 eorum
445 574 502 634 est,
530 564 583 643 qni
603 557 785 620 detrectandi
803 558 873 623 belli
894 583 1016 622 causum
1038 579 1196 645 quaerunt,
1218 587 1279 625 non
1352 628 1360 639 ,

183 651 236 732 qui
249 668 300 720 εο,
318 658 530 726 quaerentem
545 668 599 704 usu
612 641 803 724 reipublicae,
824 668 909 725 agere
929 643 1113 707 decreuerunt
1127 646 1164 727 *).
1192 648 1279 723 Quae

144 727 156 757 “
182 729 391 809 interpretatio
404 730 431 821 si
450 729 499 787 cui
510 729 663 808 displicet,
684 738 825 808 reponat:
847 743 908 804 eat,
928 753 994 789 cum
1016 752 1074 812 quo
1097 729 1205 791 bellum
1223 757 1280 814 ge·

184 816 272 890 retis,
301 835 453 896 quaerere;
482 833 558 891 quae
581 816 725 871 sententia
745 813 838 892 magis
861 813 1010 874 consentit
1033 834 1101 875 cum
1123 815 1177 889 iis,
1200 837 1278 896 quae

184 907 358 977 sequuntur.
373 915 471 956 wore.
485 897 580 974 ¹Vulg.
597 894 675 961 ἐστιν
692 892 749 976 ὅτῳ
760 896 800 979 μή
817 893 997 983 πολεμήσετε
1015 902 1120 975 λαβεῖν
1142 894 1181 963 oi
1197 904 1278 982 βου·
1326 942 1328 946 -

182 983 325 1062 lopiano.
343 981 403 1043 ἐστι
414 983 515 1060 λαβεῖν
537 976 594 1057 ὅτῳ
615 978 794 1060 πολεμήσετε
812 981 1004 1062 βουλομένων
1021 978 1171 1129 Sdetrscts
1184 994 1298 1055 utra<

183 1086 243 1147 que
259 1067 409 1143 negativa)
429 1066 520 1124 Puris.
532 1066 663 1143 primus,
685 1064 760 1141 Aug.
774 1067 905 1146 primus,
927 1066 1010 1126 Harl.
1041 1088 1104 1131 υτον
1116 1063 1174 1150 ὅτῳ
1189 1075 1279 1132 πολε·

183 1146 289 1232 μήσετε
302 1152 405 1229 λαβεῖν
419 1151 611 1229 βουλομένων
627 1149 698 1207 edit.
710 1150 818 1209 Wolfii.
842 1149 883 1228 μή
901 1145 1037 1210 οδεεεελε
1060 1152 1131 1212 edit.
1149 1152 1278 1212 Felicia-

183 1236 226 1310 ni,
248 1234 301 1294 red
317 1234 379 1293 eius
398 1234 489 1295 index
502 1233 651 1292 consentit
664 1234 811 1311 vulgatae.
836 1235 934 1293 Prima
947 1254 1051 1294 munus
1070 1236 1102 1294 iu
1115 1236 1192 1313 Aug.
1214 1246 1280 1296 ter-

166 1320 228 1380 tio
251 1319 374 1377 dederat
394 1314 451 1396 μή,
479 1317 532 1376 sed
552 1317 745 1396 posnnodum
760 1320 945 1398 nescioquis
967 1321 1073 1392 erasit,
1101 1321 1145 1378 sic
1167 1330 1277 1395 umen,

179 1413 220 1463 ‚ut
236 1403 348 1482 primae
364 1403 469 1462 literae
480 1402 640 1478 vestigium
664 1401 735 1460 setis
749 1402 848 1463 adhuc
864 1411 1016 1482 appareat.
1038 1403 1085 1462 Ab
1102 1405 1208 1463 eodem
1224 1405 1275 1462 ab·

186 1497 231 1548 est
254 1479 290 1550 oi
311 1507 448 1566 quoque,
472 1486 553 1564 quod
570 1479 606 1548 oi
629 1486 714 1545 abest
734 1486 805 1546 item
828 1509 844 1545 a
867 1487 1007 1545 Parisinis
1028 1487 1135 1563 tertio,
1161 1491 1277 1566 quinto,

184 1571 311 1650 septimo
331 1582 361 1630 et
375 1581 502 1644 octavo,
522 1571 592 1628 item
607 1589 625 1627 a
640 1570 801 1646 Bavsrico,
823 1571 859 1631 ab
882 1572 965 1633 editt.
982 1571 1052 1631 Aldi
1073 1580 1103 1631 et
1116 1573 1149 1631 P.
1169 1570 1279 1631 Manu-

88 1677 89 1682 *
183 1655 229 1715 tii.
251 1657 309 1714 Pro
325 1653 506 1732 πολεμήσετε
518 1662 564 1713 est
576 1654 606 1711 in
620 1650 696 1730 Aug.
711 1656 800 1715 tertio
818 1650 1017 1735 πολεμήσεται
1039 1655 1145 1715 erebro
1164 1675 1277 1723 errore.

183 1738 294 1800 Aldina
309 1739 431 1818 Taylori
454 1739 498 1797 sic
521 1738 586 1796 dat:
607 1734 766 1816 τοῦτομὲν
784 1737 840 1821 γάρ
859 1739 920 1803 ἐστε
940 1733 1103 1819 ὖπολοεβεῖν
1124 1736 1195 1820 (sic)
1216 1736 1277 1823 ὅτῳ

184 1819 365 1901 πολεμήσετε
389 1819 590 1903 βουλομένων.
632 1823 774 1899 Expunxi
794 1822 894 1882 ambas
914 1824 1080 1903 particulas
1104 1823 1276 1883 initiantes.

184 1906 325 1969 namtas
337 1905 486 1986 hominurn
495 1903 583 1990 soret
597 1909 794 1986 quaerentium
808 1905 953 1989 aliquem,
975 1910 1007 1967 in
1019 1931 1101 1989 quem
1116 1928 1200 1965 orma
1219 1929 1278 1966 sna

185 2003 364 2053 convertunt.
385 2009 480 2048 urerer.
508 1989 588 2049 Ante
605 1986 784 2066 πολεμήσετε
797 1991 899 2055 addidi
912 1986 954 2071 μή
966 2000 1121 2071 receptum
1135 2010 1172 2051 ex
1185 1991 1278 2051 codd.

183 2076 218 2137 Ι..
235 2074 272 2137 0.
290 2074 320 2133 Ρ.
336 2072 374 2149 Q.
389 2072 425 2135 V.
438 2075 477 2133 X.
493 2073 528 2133 Y.
544 2075 589 2132 Se.
602 2082 631 2133 et
646 2071 707 2132 Fel.
723 2074 795 2134 cod
809 2075 846 2134 Y.
859 2073 950 2137 habet
965 2075 1053 2135 etiarn
1068 2068 1107 2140 od
1119 2084 1187 2145 ante
1201 2077 1279 2156 βου·

184 2157 334 2238 λομβνων,
356 2154 439 2236 quod
453 2150 489 2220 osi
503 2156 538 2214 t).
553 2165 584 2217 et
596 2157 633 2216 U.
651 2155 763 2239 habent
782 2154 846 2220 sirie
868 2150 923 2240 μή.
937 2178 1047 2224 annun.
1074 2146 1212 2238 lugetur
1227 2179 1279 2220 se·

185 2244 239 2324 qui
254 2241 381 2302 debebat
392 2241 554 2301 Reiskium.
571 2261 729 2311 senense.

184 2392 189 2399 -
249 2347 281 2409 P·
306 2347 375 2407 136.
397 2362 427 2401 v·
449 2331 580 2410 6.”ἕστιν
593 2377 630 2388 -
644 2336 854 2440 βουλομένων]
880 2294 992 2445 {adini
1014 2330 1197 2402 constructio
1212 2340 1277 2408 Ad·

57 2485 60 2492 ,
179 2436 288 2491 'versus
306 2427 469 2530 Leptinem’
484 2428 609 2505 12:457.
633 2424 654 2485 l·
675 2420 797 2508 11.··tyol
816 2427 834 2487 d
855 2435 871 2501 ,'
893 2449 938 2488 οεε
957 2422 1012 2506 μὲν
1035 2424 1126 2490 τένοῒν
1146 2449 1280 2507 κατηγο·

184 2518 297 2594 ροῦντα
312 2535 428 2585 παντως
450 2518 649 2591 υφυιρεῖσθον
668 2505 724 2588 τήν
747 2504 863 2587 ducein
880 2515 951 2572 τῶν
978 2504 1124 2572 aldinus
1152 2511 1276 2585 ioris,
1360 2541 1364 2549 ¹

183 2592 271 2662 idon.
296 2615 417 2654 serena.
440 2590 677 2655 Diae-Clunia
699 2592 774 2652 [ΙΙΙ.
795 2613 826 2672 p·
847 2597 899 2657 47.
927 2594 1070 2653 Nonnihil
1080 2595 1139 2653 ille
1155 2596 1242 2653 locus
1259 2615 1277 2651 a

182 2681 289 2742 nostro
306 2680 420 2740 differt:
441 2684 500 2741 eoin
513 2672 627 2742 ἆδλκων
640 2679 717 2738 enim
730 2676 864 2737 neutrius
882 2686 927 2736 est
943 2678 1067 2755 generis.
1094 2678 1152 2737 Sed
1168 2681 1276 2754 δεσμε-

182 2786 235 2826 rus
255 2765 376 2840 videtur
394 2784 451 2844 pro
473 2764 636 2822 masculino
654 2761 807 2821 habuisse:
844 2762 925 2840 quod
946 2763 1102 2823 siorator
1119 2763 1274 2835 voluisset,

183 2850 353 2931 scripsisset
374 2854 432 2911 των
453 2841 656 2925 diseederet,
687 2845 838 2925 quomodo
865 2847 1004 2906 nonnulli
1025 2847 1188 2921 dederunt,
1213 2866 1275 2904 non

182 2935 227 2996 illi
248 2933 366 3013 quidem
387 2951 562 3010 perperam,
598 2942 633 2991 ut
656 2931 772 3008 egregio
794 2930 954 3009 Leptineee
968 2931 1082 2991 editori
1101 2933 1199 2989 visum
1219 2940 1274 3004 est,

60 3074 63 3086 ,
183 3022 265 3097 (nam
279 3017 427 3095 scriptura
441 3036 497 3095 per
511 3039 543 3079 se
565 3025 698 3096 spectatu
722 3015 833 3095 optime
857 3012 976 3093 habet,)
1003 3017 1056 3075 sed
1077 3017 1174 3075 minus
1189 3024 1275 3073 certa

85 3115 89 3123 '
181 3104 330 3165 librorum
343 3100 527 3173 auctoritate.
549 3098 617 3162 vid.
631 3108 694 3161 not.
707 3099 746 3157 ad
757 3097 881 3176 Dionys.
895 3097 991 3160 Halic.
1004 3099 1041 3160 de
1057 3100 1089 3157 C.
1109 3100 1145 3160 V.
1159 3120 1190 3178 p.
1201 3104 1272 3163 111.

182 3204 341 3248 souuerse.

244 3289 279 3347 P.
300 3291 426 3369 ·186.,ν.
447 3293 478 3354 7.
501 3284 766 3362 el-Kapdtuvoie
780 3275 917 3365 ἐβοήθει]
933 3272 1119 3353 ὑποθετικοῖς
1132 3278 1208 3341 haec
1224 3268 1273 3340 ic·

152 3416 155 3421 -
180 3371 319 3458 cipiendn
331 3381 401 3432 sunt
413 3372 519 3430 omnia.
542 3367 663 3445 Colligit
676 3366 753 3426 enim
769 3388 784 3425 e
800 3367 950 3447 praesenti
961 3364 1188 3426 Atheniensium
1201 3387 1271 3424 cou-

156 3484 159 3489 ·
179 3458 347 3534 suetudine,
370 3456 442 3537 quid
455 3466 519 3514 tum
533 3452 643 3512 secturi
657 3451 790 3511 fiderent.
807 3470 902 3533 nour.
1168 3460 1171 3465 '

240 3566 275 3631 P.
299 3566 370 3626 136.
392 3579 422 3618 v.
447 3561 496 3622 10.
520 3547 579 3619 dd’
595 3548 739 3636 ὁμοίως]
754 3552 853 3613 Verba
876 3550 950 3611 haee
972 3547 1083 3611 absunt
1097 3549 1133 3608 ab
1149 3548 1218 3611 edit
1238 3549 1272 3610 P.

179 3648 294 3715 Manat.
314 3662 410 3705 enter.
741 3694 744 3703 ,
1115 3673 1118 3682 ·

244 3751 277 3808 P.
302 3753 372 3829 136.
393 3765 425 3804 r.
448 3730 560 3807 tonui
574 3737 747 3822 γράφοντος
766 3730 945 3814 Ἀθήνοὶων
965 3727 1109 3814 odienda]
1131 3728 1273 3816 γοᾶψον-

177 3858 231 3909 ως
245 3832 339 3892 Palis.
354 3828 506 3907 septimus.
525 3820 705 3904 Ἀθηναίων
721 3824 805 3882 abest
818 3823 854 3880 ab
871 3821 947 3895 Aug.
964 3823 1070 3899 primo.
1085 3814 1123 3882 ου’
1135 3816 1273 3898 γράψον·

179 3942 232 3992 τος
246 3913 333 3996 ήμοῖν
345 3917 406 3975 τῶν
419 3907 599 3988 Ἀθηναίων
621 3903 747 3981 οὐδενὸς
767 3907 881 3984 farrago
896 3906 1056 3978 Wolfians,
1079 3903 1273 3982 quodminus

179 4011 261 4063 recte
286 4008 442 4077 acceptum
466 3993 622 4072 minusque
649 3991 774 4052 fideliter
799 3991 943 4049 traditum
961 3989 1082 4048 videtur
1106 3988 1272 4064 emargiae

179 4087 370 4158 Lutetianee,
393 4083 445 4162 qui
458 4099 560 4157 mergo
576 4071 664 4158 ήμοῖυ
679 4077 793 4136 afferte
809 4076 943 4166 Parisino
955 4074 1070 4154 primo,
1091 4073 1174 4131 nulls
1190 4082 1272 4131 certe

208 4285 239 4351 t)
256 4278 364 4335 Eodem
375 4280 478 4346 ruodo,
493 4275 589 4348 paucis
602 4270 693 4331 serbis
707 4271 831 4341 mutetis,
846 4277 971 4344 Augenu
979 4271 1074 4326 vertit.
1087 4282 1235 4323 serrum
