<?xml version="1.0" encoding="UTF-8"?>
<!DOCTYPE html PUBLIC "-//W3C//DTD XHTML 1.0 Transitional//EN"
    "http://www.w3.org/TR/xhtml1/DTD/xhtml1-transitional.dtd">
<html xmlns="http://www.w3.org/1999/xhtml" xml:lang="en" lang="en">
 <head>
  <title>
</title>
<meta http-equiv="Content-Type" content="text/html;charset=utf-8" />
  <meta name='ocr-system' content='tesseract 3.04.00' />
  <meta name='ocr-capabilities' content='ocr_page ocr_carea ocr_par ocr_line ocrx_word'/>
</head>
<body>
  <div class='ocr_page' id='page_1' title='image "./demosthenisquae07schgoog_0281.png"; bbox 0 0 2768 4724; ppageno 0'>
   <div class='ocr_carea' id='block_1_1' title="bbox 385 224 1236 306">
    <p class='ocr_par' dir='ltr' id='par_1_1' title="bbox 385 224 1236 306">
     <span class='ocr_line' id='line_1_1' title="bbox 385 224 1236 306; baseline 0.016 -13"><span class='ocrx_word' id='word_1_1' title='bbox 385 232 444 293; x_wconf 83' lang='lat' dir='ltr'><strong>su</strong></span> <span class='ocrx_word' id='word_1_2' title='bbox 472 227 606 294; x_wconf 75' lang='lat' dir='ltr'><strong>orer.</strong></span> <span class='ocrx_word' id='word_1_3' title='bbox 635 229 833 297; x_wconf 78' lang='lat' dir='ltr'><strong>osruru</strong></span> <span class='ocrx_word' id='word_1_4' title='bbox 863 235 927 298; x_wconf 78' lang='lat' dir='ltr'><strong>ne</strong></span> <span class='ocrx_word' id='word_1_5' title='bbox 1136 241 1202 306; x_wconf 79' lang='grc' dir='ltr'><strong><em>τοι</em></strong></span> <span class='ocrx_word' id='word_1_6' title='bbox 1233 224 1236 235; x_wconf 85' lang='grc'><strong>’</strong></span> 
     </span>
    </p>
   </div>
   <div class='ocr_carea' id='block_1_2' title="bbox 77 398 1215 570">
    <p class='ocr_par' dir='ltr' id='par_1_2' title="bbox 77 398 1215 570">
     <span class='ocr_line' id='line_1_2' title="bbox 109 398 1204 488; baseline 0.005 -24"><span class='ocrx_word' id='word_1_7' title='bbox 109 406 148 464; x_wconf 86' lang='lat' dir='ltr'><strong>ed</strong></span> <span class='ocrx_word' id='word_1_8' title='bbox 160 402 312 463; x_wconf 79' lang='lat' dir='ltr'><strong>summurn</strong></span> <span class='ocrx_word' id='word_1_9' title='bbox 322 419 412 461; x_wconf 87' lang='lat' dir='ltr'><strong>eures</strong></span> <span class='ocrx_word' id='word_1_10' title='bbox 423 398 578 480; x_wconf 84' lang='lat' dir='ltr'><strong>populeris</strong></span> <span class='ocrx_word' id='word_1_11' title='bbox 590 399 741 480; x_wconf 72' lang='lat' dir='ltr'><strong>fastigium</strong></span> <span class='ocrx_word' id='word_1_12' title='bbox 756 400 945 481; x_wconf 78' lang='lat' dir='ltr'><strong>ascenderet,</strong></span> <span class='ocrx_word' id='word_1_13' title='bbox 964 406 1204 488; x_wconf 70' lang='lat' dir='ltr'><strong>quotiescunque</strong></span> 
     </span>
     <span class='ocr_line' id='line_1_3' title="bbox 77 482 1215 570; baseline 0.005 -23"><span class='ocrx_word' id='word_1_14' title='bbox 77 518 82 529; x_wconf 44' lang='lat' dir='ltr'><strong>r</strong></span> <span class='ocrx_word' id='word_1_15' title='bbox 106 489 280 569; x_wconf 74' lang='lat' dir='ltr'><strong>spectacula</strong></span> <span class='ocrx_word' id='word_1_16' title='bbox 305 486 487 560; x_wconf 77' lang='lat' dir='ltr'><strong>edebantur,</strong></span> <span class='ocrx_word' id='word_1_17' title='bbox 514 488 638 565; x_wconf 89' lang='lat' dir='ltr'><strong>singulis</strong></span> <span class='ocrx_word' id='word_1_18' title='bbox 665 488 782 547; x_wconf 84' lang='lat' dir='ltr'><strong>civibus</strong></span> <span class='ocrx_word' id='word_1_19' title='bbox 809 490 888 549; x_wconf 89' lang='lat' dir='ltr'><strong>duos</strong></span> <span class='ocrx_word' id='word_1_20' title='bbox 913 491 1016 550; x_wconf 90' lang='lat' dir='ltr'><strong>obolos</strong></span> <span class='ocrx_word' id='word_1_21' title='bbox 1039 482 1215 570; x_wconf 60' lang='lat' dir='ltr'><strong>numerari,</strong></span> 
     </span>
    </p>
   </div>
   <div class='ocr_carea' id='block_1_3' title="bbox 107 564 1319 654">
    <p class='ocr_par' dir='ltr' id='par_1_3' title="bbox 107 564 1319 654">
     <span class='ocr_line' id='line_1_4' title="bbox 107 564 1319 654; baseline 0.006 -22"><span class='ocrx_word' id='word_1_22' title='bbox 107 594 216 648; x_wconf 89' lang='lat' dir='ltr'><strong>unum,</strong></span> <span class='ocrx_word' id='word_1_23' title='bbox 241 581 277 629; x_wconf 88' lang='lat' dir='ltr'><strong>ut</strong></span> <span class='ocrx_word' id='word_1_24' title='bbox 293 571 411 630; x_wconf 77' lang='lat' dir='ltr'><strong>solvere</strong></span> <span class='ocrx_word' id='word_1_25' title='bbox 431 580 567 648; x_wconf 81' lang='lat' dir='ltr'><strong>possent,</strong></span> <span class='ocrx_word' id='word_1_26' title='bbox 595 591 672 651; x_wconf 87' lang='lat' dir='ltr'><strong>queo</strong></span> <span class='ocrx_word' id='word_1_27' title='bbox 694 573 836 632; x_wconf 83' lang='lat' dir='ltr'><strong>solvende</strong></span> <span class='ocrx_word' id='word_1_28' title='bbox 859 582 975 644; x_wconf 78' lang='lat' dir='ltr'><strong>essem,</strong></span> <span class='ocrx_word' id='word_1_29' title='bbox 1004 576 1144 654; x_wconf 84' lang='lat' dir='ltr'><strong>alterum,</strong></span> <span class='ocrx_word' id='word_1_30' title='bbox 1161 570 1202 639; x_wconf 78' lang='lat' dir='ltr'><strong>oe</strong></span> <span class='ocrx_word' id='word_1_31' title='bbox 1267 572 1277 625; x_wconf 56' lang='lat'><strong>&#39;-</strong></span> <span class='ocrx_word' id='word_1_32' title='bbox 1314 564 1319 575; x_wconf 44' lang='lat'><strong>¹</strong></span> 
     </span>
    </p>
   </div>
   <div class='ocr_carea' id='block_1_4' title="bbox 104 656 1202 1076">
    <p class='ocr_par' dir='ltr' id='par_1_4' title="bbox 104 656 1202 1076">
     <span class='ocr_line' id='line_1_5' title="bbox 106 656 1201 738; baseline 0.005 -21"><span class='ocrx_word' id='word_1_33' title='bbox 106 657 252 737; x_wconf 86' lang='lat' dir='ltr'><strong>temporis</strong></span> <span class='ocrx_word' id='word_1_34' title='bbox 262 657 378 714; x_wconf 81' lang='lat' dir='ltr'><strong>iactura</strong></span> <span class='ocrx_word' id='word_1_35' title='bbox 392 658 598 715; x_wconf 74' lang='lat' dir='ltr'><strong>resarciretur.</strong></span> <span class='ocrx_word' id='word_1_36' title='bbox 632 656 727 716; x_wconf 88' lang='lat' dir='ltr'><strong>Certis</strong></span> <span class='ocrx_word' id='word_1_37' title='bbox 741 658 861 734; x_wconf 88' lang='lat' dir='ltr'><strong>quidem</strong></span> <span class='ocrx_word' id='word_1_38' title='bbox 872 658 972 718; x_wconf 82' lang='lat' dir='ltr'><strong>verbis</strong></span> <span class='ocrx_word' id='word_1_39' title='bbox 988 671 1201 738; x_wconf 77' lang='lat' dir='ltr'><strong>cautum-erat,</strong></span> 
     </span>
     <span class='ocr_line' id='line_1_6' title="bbox 106 739 1201 823; baseline 0.005 -23"><span class='ocrx_word' id='word_1_40' title='bbox 106 751 159 816; x_wconf 84' lang='lat' dir='ltr'><strong>ut&#39;,</strong></span> <span class='ocrx_word' id='word_1_41' title='bbox 176 741 303 799; x_wconf 79' lang='lat' dir='ltr'><strong>simulac</strong></span> <span class='ocrx_word' id='word_1_42' title='bbox 323 739 435 798; x_wconf 89' lang='lat' dir='ltr'><strong>bellurn</strong></span> <span class='ocrx_word' id='word_1_43' title='bbox 453 739 654 820; x_wconf 82' lang='lat' dir='ltr'><strong>impenderet,</strong></span> <span class='ocrx_word' id='word_1_44' title='bbox 675 742 818 819; x_wconf 88' lang='lat' dir='ltr'><strong>pecuniae</strong></span> <span class='ocrx_word' id='word_1_45' title='bbox 834 743 907 802; x_wconf 87' lang='lat' dir='ltr'><strong>istae</strong></span> <span class='ocrx_word' id='word_1_46' title='bbox 921 746 1047 823; x_wconf 84' lang='lat' dir='ltr'><strong>proprio</strong></span> <span class='ocrx_word' id='word_1_47' title='bbox 1060 764 1115 804; x_wconf 89' lang='lat' dir='ltr'><strong>suo</strong></span> <span class='ocrx_word' id='word_1_48' title='bbox 1130 744 1201 807; x_wconf 82' lang='lat' dir='ltr'><strong>usui</strong></span> 
     </span>
     <span class='ocr_line' id='line_1_7' title="bbox 105 820 1201 906; baseline 0.005 -20"><span class='ocrx_word' id='word_1_49' title='bbox 105 826 314 886; x_wconf 77' lang='lat' dir='ltr'><strong>redderentur.</strong></span> <span class='ocrx_word' id='word_1_50' title='bbox 358 823 399 883; x_wconf 78' lang='lat' dir='ltr'><strong>At</strong></span> <span class='ocrx_word' id='word_1_51' title='bbox 428 823 496 902; x_wconf 87' lang='lat' dir='ltr'><strong>quis</strong></span> <span class='ocrx_word' id='word_1_52' title='bbox 521 820 611 883; x_wconf 83' lang='lat' dir='ltr'><strong>uusise</strong></span> <span class='ocrx_word' id='word_1_53' title='bbox 637 822 716 885; x_wconf 84' lang='lat' dir='ltr'><strong>esset</strong></span> <span class='ocrx_word' id='word_1_54' title='bbox 737 826 905 904; x_wconf 83' lang='lat' dir='ltr'><strong>appellere,</strong></span> <span class='ocrx_word' id='word_1_55' title='bbox 934 829 1018 906; x_wconf 87' lang='lat' dir='ltr'><strong>quod</strong></span> <span class='ocrx_word' id='word_1_56' title='bbox 1038 831 1201 892; x_wconf 84' lang='lat' dir='ltr'><strong>certissime</strong></span> 
     </span>
     <span class='ocr_line' id='line_1_8' title="bbox 107 907 1202 994; baseline 0.005 -25"><span class='ocrx_word' id='word_1_57' title='bbox 107 920 229 969; x_wconf 84' lang='lat' dir='ltr'><strong>cautum</strong></span> <span class='ocrx_word' id='word_1_58' title='bbox 242 907 344 968; x_wconf 76' lang='lat' dir='ltr'><strong>eruti!</strong></span> <span class='ocrx_word' id='word_1_59' title='bbox 372 909 472 983; x_wconf 88' lang='lat' dir='ltr'><strong>Unus,</strong></span> <span class='ocrx_word' id='word_1_60' title='bbox 492 908 546 987; x_wconf 88' lang='lat' dir='ltr'><strong>qui</strong></span> <span class='ocrx_word' id='word_1_61' title='bbox 558 907 681 968; x_wconf 82' lang='lat' dir='ltr'><strong>honoris</strong></span> <span class='ocrx_word' id='word_1_62' title='bbox 697 929 800 980; x_wconf 84' lang='lat' dir='ltr'><strong>caussa</strong></span> <span class='ocrx_word' id='word_1_63' title='bbox 812 911 1011 972; x_wconf 83' lang='lat' dir='ltr'><strong>nominandus</strong></span> <span class='ocrx_word' id='word_1_64' title='bbox 1026 921 1085 986; x_wconf 87' lang='lat' dir='ltr'><strong>est,</strong></span> <span class='ocrx_word' id='word_1_65' title='bbox 1103 913 1202 994; x_wconf 81' lang='lat' dir='ltr'><strong>Apul·</strong></span> 
     </span>
     <span class='ocr_line' id='line_1_9' title="bbox 104 991 1202 1076; baseline 0.004 -22"><span class='ocrx_word' id='word_1_66' title='bbox 104 996 231 1055; x_wconf 87' lang='lat' dir='ltr'><strong>lodorus</strong></span> <span class='ocrx_word' id='word_1_67' title='bbox 248 1013 340 1072; x_wconf 86' lang='lat' dir='ltr'><strong>quum</strong></span> <span class='ocrx_word' id='word_1_68' title='bbox 357 992 390 1050; x_wconf 89' lang='lat' dir='ltr'><strong>id</strong></span> <span class='ocrx_word' id='word_1_69' title='bbox 413 991 551 1069; x_wconf 79' lang='lat' dir='ltr'><strong>auderet,</strong></span> <span class='ocrx_word' id='word_1_70' title='bbox 571 991 659 1052; x_wconf 87' lang='lat' dir='ltr'><strong>iussit</strong></span> <span class='ocrx_word' id='word_1_71' title='bbox 670 994 821 1073; x_wconf 88' lang='lat' dir='ltr'><strong>populus,</strong></span> <span class='ocrx_word' id='word_1_72' title='bbox 841 1004 965 1072; x_wconf 72' lang='lat' dir='ltr'><strong>rogante</strong></span> <span class='ocrx_word' id='word_1_73' title='bbox 983 998 1103 1057; x_wconf 88' lang='lat' dir='ltr'><strong>Eubulo</strong></span> <span class='ocrx_word' id='word_1_74' title='bbox 1123 1018 1202 1076; x_wconf 89' lang='lat' dir='ltr'><strong>quo-</strong></span> 
     </span>
    </p>
   </div>
   <div class='ocr_carea' id='block_1_5' title="bbox 106 1072 1330 1164">
    <p class='ocr_par' dir='ltr' id='par_1_5' title="bbox 106 1072 1330 1164">
     <span class='ocr_line' id='line_1_10' title="bbox 106 1072 1330 1164; baseline 0.009 -26"><span class='ocrx_word' id='word_1_75' title='bbox 106 1079 192 1153; x_wconf 88' lang='lat' dir='ltr'><strong>dam,</strong></span> <span class='ocrx_word' id='word_1_76' title='bbox 210 1087 246 1138; x_wconf 88' lang='lat' dir='ltr'><strong>ut</strong></span> <span class='ocrx_word' id='word_1_77' title='bbox 258 1087 354 1137; x_wconf 88' lang='lat' dir='ltr'><strong>morte</strong></span> <span class='ocrx_word' id='word_1_78' title='bbox 366 1078 559 1151; x_wconf 78' lang='lat' dir='ltr'><strong>multaretur,</strong></span> <span class='ocrx_word' id='word_1_79' title='bbox 579 1072 614 1149; x_wconf 70' lang='lat' dir='ltr'><strong>ir</strong></span> <span class='ocrx_word' id='word_1_80' title='bbox 629 1073 668 1138; x_wconf 72' lang='grc' dir='ltr'><strong>ἂν</strong></span> <span class='ocrx_word' id='word_1_81' title='bbox 681 1073 808 1157; x_wconf 74' lang='grc' dir='ltr'><strong><em>γράψειε</em></strong></span> <span class='ocrx_word' id='word_1_82' title='bbox 827 1087 998 1156; x_wconf 78' lang='grc' dir='ltr'><strong><em>μεταποιεῖν</em></strong></span> <span class='ocrx_word' id='word_1_83' title='bbox 1012 1078 1049 1143; x_wconf 79' lang='grc' dir='ltr'><strong>τοί</strong></span> <span class='ocrx_word' id='word_1_84' title='bbox 1067 1078 1204 1164; x_wconf 63' lang='grc' dir='ltr'><strong><em>θεωρικὰ</em></strong></span> <span class='ocrx_word' id='word_1_85' title='bbox 1327 1144 1330 1151; x_wconf 93' lang='grc'>,</span> 
     </span>
    </p>
   </div>
   <div class='ocr_carea' id='block_1_6' title="bbox 29 1155 1231 1496">
    <p class='ocr_par' dir='ltr' id='par_1_6' title="bbox 29 1155 1231 1496">
     <span class='ocr_line' id='line_1_11' title="bbox 29 1155 1231 1243; baseline 0 -17"><span class='ocrx_word' id='word_1_86' title='bbox 29 1165 31 1170; x_wconf 73' lang='grc'><strong>’</strong></span> <span class='ocrx_word' id='word_1_87' title='bbox 106 1155 313 1243; x_wconf 76' lang='grc' dir='ltr'><strong><em>στρατιωτικοί.</em></strong></span> <span class='ocrx_word' id='word_1_88' title='bbox 354 1160 390 1220; x_wconf 87' lang='lat' dir='ltr'><strong>Id</strong></span> <span class='ocrx_word' id='word_1_89' title='bbox 420 1161 540 1238; x_wconf 85' lang='lat' dir='ltr'><strong>quidem</strong></span> <span class='ocrx_word' id='word_1_90' title='bbox 559 1160 771 1221; x_wconf 85' lang='lat' dir='ltr'><strong>Demosthenes</strong></span> <span class='ocrx_word' id='word_1_91' title='bbox 794 1173 897 1223; x_wconf 88' lang='lat' dir='ltr'><strong>noster</strong></span> <span class='ocrx_word' id='word_1_92' title='bbox 920 1164 996 1223; x_wconf 82' lang='lat' dir='ltr'><strong>nihil</strong></span> <span class='ocrx_word' id='word_1_93' title='bbox 1018 1175 1120 1239; x_wconf 80' lang='lat' dir='ltr'><strong>curat,</strong></span> <span class='ocrx_word' id='word_1_94' title='bbox 1147 1165 1231 1239; x_wconf 70' lang='lat' dir='ltr'><strong>sed,</strong></span> 
     </span>
     <span class='ocr_line' id='line_1_12' title="bbox 105 1244 1203 1323; baseline 0.003 -17"><span class='ocrx_word' id='word_1_95' title='bbox 105 1248 239 1308; x_wconf 86' lang='lat' dir='ltr'><strong>ostendit</strong></span> <span class='ocrx_word' id='word_1_96' title='bbox 262 1244 377 1306; x_wconf 86' lang='lat' dir='ltr'><strong>civibus</strong></span> <span class='ocrx_word' id='word_1_97' title='bbox 398 1248 460 1302; x_wconf 89' lang='lat' dir='ltr'><strong>suis</strong></span> <span class='ocrx_word' id='word_1_98' title='bbox 481 1255 545 1303; x_wconf 88' lang='lat' dir='ltr'><strong>tum</strong></span> <span class='ocrx_word' id='word_1_99' title='bbox 561 1245 696 1305; x_wconf 83' lang='lat' dir='ltr'><strong>&#39;veritatis</strong></span> <span class='ocrx_word' id='word_1_100' title='bbox 719 1245 881 1323; x_wconf 82' lang='lat' dir='ltr'><strong>gravitate,</strong></span> <span class='ocrx_word' id='word_1_101' title='bbox 899 1258 970 1308; x_wconf 89' lang='lat' dir='ltr'><strong>tum</strong></span> <span class='ocrx_word' id='word_1_102' title='bbox 986 1249 1133 1309; x_wconf 82' lang='lat' dir='ltr'><strong>irrisionis</strong></span> <span class='ocrx_word' id='word_1_103' title='bbox 1145 1251 1203 1309; x_wconf 85' lang='lat' dir='ltr'><strong>iln-¹</strong></span> 
     </span>
     <span class='ocr_line' id='line_1_13' title="bbox 106 1329 1203 1412; baseline 0.003 -21"><span class='ocrx_word' id='word_1_104' title='bbox 106 1331 202 1408; x_wconf 83' lang='lat' dir='ltr'><strong>gello,</strong></span> <span class='ocrx_word' id='word_1_105' title='bbox 226 1351 289 1391; x_wconf 90' lang='lat' dir='ltr'><strong>non</strong></span> <span class='ocrx_word' id='word_1_106' title='bbox 311 1330 409 1390; x_wconf 91' lang='lat' dir='ltr'><strong>minus</strong></span> <span class='ocrx_word' id='word_1_107' title='bbox 425 1329 551 1388; x_wconf 85' lang='lat' dir='ltr'><strong>ridicule</strong></span> <span class='ocrx_word' id='word_1_108' title='bbox 566 1350 654 1409; x_wconf 90' lang='lat' dir='ltr'><strong>quam</strong></span> <span class='ocrx_word' id='word_1_109' title='bbox 665 1330 833 1409; x_wconf 87' lang='lat' dir='ltr'><strong>perniciose</strong></span> <span class='ocrx_word' id='word_1_110' title='bbox 847 1333 877 1390; x_wconf 88' lang='lat' dir='ltr'><strong>in</strong></span> <span class='ocrx_word' id='word_1_111' title='bbox 891 1342 1011 1412; x_wconf 87' lang='lat' dir='ltr'><strong>turpem</strong></span> <span class='ocrx_word' id='word_1_112' title='bbox 1025 1354 1076 1393; x_wconf 90' lang='lat' dir='ltr'><strong>eos</strong></span> <span class='ocrx_word' id='word_1_113' title='bbox 1093 1333 1203 1394; x_wconf 83' lang='lat' dir='ltr'><strong>debili·</strong></span> 
     </span>
     <span class='ocr_line' id='line_1_14' title="bbox 104 1414 1203 1496; baseline 0.003 -22"><span class='ocrx_word' id='word_1_114' title='bbox 104 1424 196 1474; x_wconf 81' lang='lat' dir='ltr'><strong>tatem</strong></span> <span class='ocrx_word' id='word_1_115' title='bbox 224 1415 361 1494; x_wconf 79' lang='lat' dir='ltr'><strong>delapsos</strong></span> <span class='ocrx_word' id='word_1_116' title='bbox 386 1434 458 1473; x_wconf 88' lang='lat' dir='ltr'><strong>esse.</strong></span> <span class='ocrx_word' id='word_1_117' title='bbox 499 1414 542 1472; x_wconf 84' lang='lat' dir='ltr'><strong>Eu</strong></span> <span class='ocrx_word' id='word_1_118' title='bbox 566 1423 679 1488; x_wconf 84' lang='lat' dir='ltr'><strong>sutem,</strong></span> <span class='ocrx_word' id='word_1_119' title='bbox 709 1424 883 1492; x_wconf 83' lang='lat' dir='ltr'><strong>qua,t0tum</strong></span> <span class='ocrx_word' id='word_1_120' title='bbox 912 1437 976 1476; x_wconf 88' lang='lat' dir='ltr'><strong>rem</strong></span> <span class='ocrx_word' id='word_1_121' title='bbox 1000 1420 1203 1496; x_wconf 84' lang='lat' dir='ltr'><strong>persequitur,</strong></span> 
     </span>
    </p>
   </div>
   <div class='ocr_carea' id='block_1_7' title="bbox 105 1498 1303 1583">
    <p class='ocr_par' dir='ltr' id='par_1_7' title="bbox 105 1498 1303 1583">
     <span class='ocr_line' id='line_1_15' title="bbox 105 1498 1303 1583; baseline 0 -24"><span class='ocrx_word' id='word_1_122' title='bbox 105 1499 183 1559; x_wconf 84' lang='lat' dir='ltr'><strong>ratio</strong></span> <span class='ocrx_word' id='word_1_123' title='bbox 196 1498 313 1576; x_wconf 85' lang='lat' dir='ltr'><strong>egregia</strong></span> <span class='ocrx_word' id='word_1_124' title='bbox 325 1507 379 1558; x_wconf 88' lang='lat' dir='ltr'><strong>est.</strong></span> <span class='ocrx_word' id='word_1_125' title='bbox 423 1500 523 1570; x_wconf 84' lang='lat' dir='ltr'><strong>Quum</strong></span> <span class='ocrx_word' id='word_1_126' title='bbox 537 1500 629 1574; x_wconf 88' lang='lat' dir='ltr'><strong>enim,</strong></span> <span class='ocrx_word' id='word_1_127' title='bbox 649 1498 699 1577; x_wconf 90' lang='lat' dir='ltr'><strong>qui</strong></span> <span class='ocrx_word' id='word_1_128' title='bbox 712 1498 761 1573; x_wconf 86' lang='lat' dir='ltr'><strong>id,</strong></span> <span class='ocrx_word' id='word_1_129' title='bbox 783 1500 864 1578; x_wconf 89' lang='lat' dir='ltr'><strong>quod</strong></span> <span class='ocrx_word' id='word_1_130' title='bbox 879 1501 1027 1559; x_wconf 84' lang='lat' dir='ltr'><strong>subletum</strong></span> <span class='ocrx_word' id='word_1_131' title='bbox 1045 1502 1110 1583; x_wconf 86' lang='lat' dir='ltr'><strong>ipse</strong></span> <span class='ocrx_word' id='word_1_132' title='bbox 1124 1503 1201 1576; x_wconf 86' lang='lat' dir='ltr'><strong>vult,</strong></span> <span class='ocrx_word' id='word_1_133' title='bbox 1267 1574 1278 1583; x_wconf 80' lang='lat'><strong>,.</strong></span> <span class='ocrx_word' id='word_1_134' title='bbox 1300 1543 1303 1547; x_wconf 33' lang='lat'><strong>⁴</strong></span> 
     </span>
    </p>
   </div>
   <div class='ocr_carea' id='block_1_8' title="bbox 104 1582 1202 2000">
    <p class='ocr_par' dir='ltr' id='par_1_8' title="bbox 104 1582 1202 2000">
     <span class='ocr_line' id='line_1_16' title="bbox 105 1582 1202 1665; baseline 0.001 -22"><span class='ocrx_word' id='word_1_135' title='bbox 105 1583 176 1643; x_wconf 91' lang='lat' dir='ltr'><strong>tolli</strong></span> <span class='ocrx_word' id='word_1_136' title='bbox 200 1582 322 1658; x_wconf 88' lang='lat' dir='ltr'><strong>suodet&#39;,</strong></span> <span class='ocrx_word' id='word_1_137' title='bbox 350 1591 447 1641; x_wconf 86' lang='lat' dir='ltr'><strong>morte</strong></span> <span class='ocrx_word' id='word_1_138' title='bbox 465 1583 626 1657; x_wconf 89' lang='lat' dir='ltr'><strong>multetur,</strong></span> <span class='ocrx_word' id='word_1_139' title='bbox 648 1583 796 1660; x_wconf 80' lang='lat' dir='ltr'><strong>postulet,</strong></span> <span class='ocrx_word' id='word_1_140' title='bbox 818 1594 853 1642; x_wconf 90' lang='lat' dir='ltr'><strong>ut</strong></span> <span class='ocrx_word' id='word_1_141' title='bbox 871 1585 911 1658; x_wconf 91' lang='lat' dir='ltr'><strong>ii,</strong></span> <span class='ocrx_word' id='word_1_142' title='bbox 932 1585 985 1665; x_wconf 87' lang='lat' dir='ltr'><strong>qui</strong></span> <span class='ocrx_word' id='word_1_143' title='bbox 1003 1584 1082 1649; x_wconf 85' lang='lat' dir='ltr'><strong>hauc</strong></span> <span class='ocrx_word' id='word_1_144' title='bbox 1103 1585 1202 1662; x_wconf 81' lang='lat' dir='ltr'><strong>legens</strong></span> 
     </span>
     <span class='ocr_line' id='line_1_17' title="bbox 104 1666 1202 1746; baseline 0.002 -18"><span class='ocrx_word' id='word_1_145' title='bbox 104 1668 259 1742; x_wconf 81' lang='lat' dir='ltr'><strong>tulissent,</strong></span> <span class='ocrx_word' id='word_1_146' title='bbox 289 1667 353 1727; x_wconf 87' lang='lat' dir='ltr'><strong>eius</strong></span> <span class='ocrx_word' id='word_1_147' title='bbox 381 1666 602 1743; x_wconf 82' lang='lat' dir='ltr'><strong>abrogationem</strong></span> <span class='ocrx_word' id='word_1_148' title='bbox 629 1666 783 1745; x_wconf 84' lang='lat' dir='ltr'><strong>postulare</strong></span> <span class='ocrx_word' id='word_1_149' title='bbox 806 1678 966 1744; x_wconf 86' lang='lat' dir='ltr'><strong>cogentur:</strong></span> <span class='ocrx_word' id='word_1_150' title='bbox 997 1689 1058 1746; x_wconf 90' lang='lat' dir='ltr'><strong>quo</strong></span> <span class='ocrx_word' id='word_1_151' title='bbox 1086 1670 1202 1730; x_wconf 82' lang='lat' dir='ltr'><strong>scilicet</strong></span> 
     </span>
     <span class='ocr_line' id='line_1_18' title="bbox 105 1750 1202 1834; baseline 0.004 -24"><span class='ocrx_word' id='word_1_152' title='bbox 105 1753 187 1812; x_wconf 77' lang='lat' dir='ltr'><strong>iacto</strong></span> <span class='ocrx_word' id='word_1_153' title='bbox 207 1752 312 1831; x_wconf 85' lang='lat' dir='ltr'><strong>mortis</strong></span> <span class='ocrx_word' id='word_1_154' title='bbox 332 1771 457 1830; x_wconf 83' lang='lat' dir='ltr'><strong>poenam</strong></span> <span class='ocrx_word' id='word_1_155' title='bbox 473 1750 530 1808; x_wconf 90' lang='lat' dir='ltr'><strong>sibi</strong></span> <span class='ocrx_word' id='word_1_156' title='bbox 542 1750 600 1828; x_wconf 90' lang='lat' dir='ltr'><strong>ipsi</strong></span> <span class='ocrx_word' id='word_1_157' title='bbox 614 1752 809 1811; x_wconf 86' lang='lat' dir='ltr'><strong>constituunt.</strong></span> <span class='ocrx_word' id='word_1_158' title='bbox 824 1773 926 1814; x_wconf 79' lang='lat' dir='ltr'><strong>suurn.</strong></span> <span class='ocrx_word' id='word_1_159' title='bbox 943 1768 947 1775; x_wconf 89' lang='grc'><strong>’</strong></span> <span class='ocrx_word' id='word_1_160' title='bbox 970 1752 1051 1812; x_wconf 88' lang='lat' dir='ltr'><strong>Inter</strong></span> <span class='ocrx_word' id='word_1_161' title='bbox 1064 1754 1202 1834; x_wconf 79' lang='lat' dir='ltr'><strong>exempla</strong></span> 
     </span>
     <span class='ocr_line' id='line_1_19' title="bbox 105 1830 1202 1919; baseline -0.001 -19"><span class='ocrx_word' id='word_1_162' title='bbox 105 1842 162 1914; x_wconf 71' lang='grc' dir='ltr'><strong>τῆς</strong></span> <span class='ocrx_word' id='word_1_163' title='bbox 188 1830 441 1919; x_wconf 77' lang='grc' dir='ltr'><strong><em>ιιροιίιορθοίσεοις</em></strong></span> <span class='ocrx_word' id='word_1_164' title='bbox 460 1833 520 1892; x_wconf 80' lang='lat' dir='ltr'><strong>lroo</strong></span> <span class='ocrx_word' id='word_1_165' title='bbox 542 1833 685 1894; x_wconf 84' lang='lat' dir='ltr'><strong>Technici</strong></span> <span class='ocrx_word' id='word_1_166' title='bbox 705 1835 882 1896; x_wconf 76' lang='lat' dir='ltr'><strong>retulerunt.</strong></span> <span class='ocrx_word' id='word_1_167' title='bbox 911 1837 947 1898; x_wconf 88' lang='lat' dir='ltr'><strong>V.</strong></span> <span class='ocrx_word' id='word_1_168' title='bbox 963 1837 1139 1898; x_wconf 85' lang='lat' dir='ltr'><strong>Boissoned.</strong></span> <span class='ocrx_word' id='word_1_169' title='bbox 1162 1836 1202 1900; x_wconf 77' lang='lat' dir='ltr'><strong>etl</strong></span> 
     </span>
     <span class='ocr_line' id='line_1_20' title="bbox 106 1921 535 2000; baseline -0.002 -20"><span class='ocrx_word' id='word_1_170' title='bbox 106 1921 207 1980; x_wconf 82' lang='lat' dir='ltr'><strong>Tiber.</strong></span> <span class='ocrx_word' id='word_1_171' title='bbox 220 1942 249 2000; x_wconf 91' lang='lat' dir='ltr'><strong>p.</strong></span> <span class='ocrx_word' id='word_1_172' title='bbox 264 1927 315 1986; x_wconf 75' lang='grc'><strong>23.</strong></span> <span class='ocrx_word' id='word_1_173' title='bbox 333 1940 356 1979; x_wconf 91' lang='lat' dir='ltr'><strong>s.</strong></span> <span class='ocrx_word' id='word_1_174' title='bbox 377 1938 535 1979; x_wconf 76' lang='lat' dir='ltr'><strong>sensurus.</strong></span> 
     </span>
    </p>
   </div>
   <div class='ocr_carea' id='block_1_9' title="bbox 105 2034 1236 2455">
    <p class='ocr_par' dir='ltr' id='par_1_9' title="bbox 105 2034 1236 2455">
     <span class='ocr_line' id='line_1_21' title="bbox 171 2034 1203 2118; baseline 0.002 -20"><span class='ocrx_word' id='word_1_175' title='bbox 171 2040 204 2098; x_wconf 88' lang='lat' dir='ltr'><strong>P.</strong></span> <span class='ocrx_word' id='word_1_176' title='bbox 226 2043 276 2106; x_wconf 85' lang='lat'><strong>31.</strong></span> <span class='ocrx_word' id='word_1_177' title='bbox 299 2058 327 2097; x_wconf 90' lang='lat' dir='ltr'><strong>v.</strong></span> <span class='ocrx_word' id='word_1_178' title='bbox 353 2042 401 2103; x_wconf 87' lang='grc'><strong>10.</strong></span> <span class='ocrx_word' id='word_1_179' title='bbox 423 2034 616 2117; x_wconf 89' lang='grc' dir='ltr'><strong><em>καθίστατε].</em></strong></span> <span class='ocrx_word' id='word_1_180' title='bbox 643 2041 804 2106; x_wconf 71' lang='lat' dir='ltr'><strong>subscudes</strong></span> <span class='ocrx_word' id='word_1_181' title='bbox 831 2035 1044 2118; x_wconf 76' lang='lat' dir='ltr'><strong>Aldinaprior</strong></span> <span class='ocrx_word' id='word_1_182' title='bbox 1061 2048 1091 2100; x_wconf 87' lang='lat' dir='ltr'><strong>et</strong></span> <span class='ocrx_word' id='word_1_183' title='bbox 1112 2040 1203 2100; x_wconf 71' lang='lat' dir='ltr'><strong>Velie.</strong></span> 
     </span>
     <span class='ocr_line' id='line_1_22' title="bbox 105 2121 1203 2201; baseline -0.002 -15"><span class='ocrx_word' id='word_1_184' title='bbox 105 2125 270 2186; x_wconf 71' lang='grc' dir='ltr'><strong><em>καθίστατε</em></strong></span> <span class='ocrx_word' id='word_1_185' title='bbox 285 2125 391 2182; x_wconf 85' lang='lat' dir='ltr'><strong>Bovar.</strong></span> <span class='ocrx_word' id='word_1_186' title='bbox 406 2122 481 2198; x_wconf 81' lang='lat' dir='ltr'><strong>Aug.</strong></span> <span class='ocrx_word' id='word_1_187' title='bbox 499 2121 589 2201; x_wconf 85' lang='lat' dir='ltr'><strong>primi</strong></span> <span class='ocrx_word' id='word_1_188' title='bbox 611 2123 756 2201; x_wconf 86' lang='lat' dir='ltr'><strong>supplem.</strong></span> <span class='ocrx_word' id='word_1_189' title='bbox 778 2130 807 2181; x_wconf 89' lang='lat' dir='ltr'><strong>et</strong></span> <span class='ocrx_word' id='word_1_190' title='bbox 827 2123 990 2199; x_wconf 88' lang='lat' dir='ltr'><strong>secundus,</strong></span> <span class='ocrx_word' id='word_1_191' title='bbox 1015 2123 1203 2201; x_wconf 85' lang='lat' dir='ltr'><strong>Herleienus,</strong></span> 
     </span>
     <span class='ocr_line' id='line_1_23' title="bbox 106 2205 1204 2286; baseline -0.001 -19"><span class='ocrx_word' id='word_1_192' title='bbox 106 2210 181 2267; x_wconf 86' lang='lat' dir='ltr'><strong>item</strong></span> <span class='ocrx_word' id='word_1_193' title='bbox 193 2205 301 2266; x_wconf 76' lang='lat' dir='ltr'><strong>Aldine</strong></span> <span class='ocrx_word' id='word_1_194' title='bbox 315 2206 472 2286; x_wconf 87' lang='lat' dir='ltr'><strong>posterior.</strong></span> <span class='ocrx_word' id='word_1_195' title='bbox 489 2225 586 2264; x_wconf 80' lang='lat' dir='ltr'><strong>rerer.</strong></span> <span class='ocrx_word' id='word_1_196' title='bbox 614 2209 775 2268; x_wconf 67' lang='lat' dir='ltr'><strong>subterius</strong></span> <span class='ocrx_word' id='word_1_197' title='bbox 788 2225 947 2285; x_wconf 84' lang='lat' dir='ltr'><strong>perperam</strong></span> <span class='ocrx_word' id='word_1_198' title='bbox 960 2210 1117 2268; x_wconf 83' lang='lat' dir='ltr'><strong>revocarit</strong></span> <span class='ocrx_word' id='word_1_199' title='bbox 1137 2208 1204 2266; x_wconf 76' lang='lat' dir='ltr'><strong>Au-</strong></span> 
     </span>
     <span class='ocr_line' id='line_1_24' title="bbox 107 2290 1236 2371; baseline -0.004 -20"><span class='ocrx_word' id='word_1_200' title='bbox 107 2314 172 2371; x_wconf 88' lang='lat' dir='ltr'><strong>ger.</strong></span> <span class='ocrx_word' id='word_1_201' title='bbox 194 2292 331 2371; x_wconf 86' lang='lat' dir='ltr'><strong>Inprimis</strong></span> <span class='ocrx_word' id='word_1_202' title='bbox 346 2293 423 2351; x_wconf 89' lang='lat' dir='ltr'><strong>enim</strong></span> <span class='ocrx_word' id='word_1_203' title='bbox 439 2290 475 2349; x_wconf 89' lang='lat' dir='ltr'><strong>do</strong></span> <span class='ocrx_word' id='word_1_204' title='bbox 488 2290 534 2348; x_wconf 89' lang='lat' dir='ltr'><strong>his</strong></span> <span class='ocrx_word' id='word_1_205' title='bbox 541 2290 653 2363; x_wconf 59' lang='lat' dir='ltr'><strong>dormis</strong></span> <span class='ocrx_word' id='word_1_206' title='bbox 665 2290 754 2363; x_wconf 86' lang='lat' dir='ltr'><strong>vulot,</strong></span> <span class='ocrx_word' id='word_1_207' title='bbox 774 2291 857 2367; x_wconf 89' lang='lat' dir='ltr'><strong>quod</strong></span> <span class='ocrx_word' id='word_1_208' title='bbox 873 2292 1017 2368; x_wconf 82' lang='lat' dir='ltr'><strong>Georgius</strong></span> <span class='ocrx_word' id='word_1_209' title='bbox 1030 2293 1204 2371; x_wconf 85' lang='lat' dir='ltr'><strong>Lecapenus</strong></span> <span class='ocrx_word' id='word_1_210' title='bbox 1232 2338 1236 2347; x_wconf 86' lang='lat'><strong>.</strong></span> 
     </span>
     <span class='ocr_line' id='line_1_25' title="bbox 105 2372 1203 2455; baseline 0 -19"><span class='ocrx_word' id='word_1_211' title='bbox 105 2379 140 2436; x_wconf 90' lang='lat' dir='ltr'><strong>in</strong></span> <span class='ocrx_word' id='word_1_212' title='bbox 157 2377 331 2436; x_wconf 83' lang='lat' dir='ltr'><strong>universum</strong></span> <span class='ocrx_word' id='word_1_213' title='bbox 350 2376 504 2454; x_wconf 86' lang='lat' dir='ltr'><strong>praecepit</strong></span> <span class='ocrx_word' id='word_1_214' title='bbox 524 2375 556 2433; x_wconf 89' lang='lat' dir='ltr'><strong>in</strong></span> <span class='ocrx_word' id='word_1_215' title='bbox 574 2372 716 2433; x_wconf 74' lang='lat' dir='ltr'><strong>Matthaei</strong></span> <span class='ocrx_word' id='word_1_216' title='bbox 739 2375 833 2433; x_wconf 86' lang='lat' dir='ltr'><strong>Lsctt.</strong></span> <span class='ocrx_word' id='word_1_217' title='bbox 853 2375 970 2454; x_wconf 86' lang='lat' dir='ltr'><strong>Musqu.</strong></span> <span class='ocrx_word' id='word_1_218' title='bbox 988 2379 1021 2437; x_wconf 89' lang='lat' dir='ltr'><strong>T.</strong></span> <span class='ocrx_word' id='word_1_219' title='bbox 1041 2377 1065 2434; x_wconf 91' lang='lat' dir='ltr'><strong>l.</strong></span> <span class='ocrx_word' id='word_1_220' title='bbox 1084 2396 1114 2455; x_wconf 94' lang='lat' dir='ltr'><strong>p.</strong></span> <span class='ocrx_word' id='word_1_221' title='bbox 1130 2377 1203 2442; x_wconf 80' lang='lat'><strong>69.=</strong></span> 
     </span>
    </p>
   </div>
   <div class='ocr_carea' id='block_1_10' title="bbox 96 2467 1205 2636">
    <p class='ocr_par' dir='ltr' id='par_1_10' title="bbox 96 2467 1205 2636">
     <span class='ocr_line' id='line_1_26' title="bbox 96 2467 1205 2582; baseline 0 -41"><span class='ocrx_word' id='word_1_222' title='bbox 96 2474 186 2582; x_wconf 52' lang='lat'><strong>:⁰⁶⁶</strong></span> <span class='ocrx_word' id='word_1_223' title='bbox 201 2472 263 2541; x_wconf 80' lang='grc' dir='ltr'><strong>ἆκό</strong></span> <span class='ocrx_word' id='word_1_224' title='bbox 276 2482 337 2540; x_wconf 80' lang='grc' dir='ltr'><strong><em>τοῖν</em></strong></span> <span class='ocrx_word' id='word_1_225' title='bbox 350 2477 392 2549; x_wconf 82' lang='grc' dir='ltr'><strong>είς</strong></span> <span class='ocrx_word' id='word_1_226' title='bbox 401 2502 436 2555; x_wconf 89' lang='grc' dir='ltr'><strong><em>μι</em></strong></span> <span class='ocrx_word' id='word_1_227' title='bbox 447 2476 645 2550; x_wconf 81' lang='grc' dir='ltr'><strong><em>κανονίζεται,</em></strong></span> <span class='ocrx_word' id='word_1_228' title='bbox 667 2478 760 2538; x_wconf 80' lang='grc' dir='ltr'><strong><em>’ταῦτα</em></strong></span> <span class='ocrx_word' id='word_1_229' title='bbox 773 2473 832 2538; x_wconf 83' lang='grc' dir='ltr'><strong><em>καί,</em></strong></span> <span class='ocrx_word' id='word_1_230' title='bbox 840 2467 1032 2559; x_wconf 74' lang='grc' dir='ltr'><strong><em>σίκριβὲστεοα</em></strong></span> <span class='ocrx_word' id='word_1_231' title='bbox 1045 2473 1127 2561; x_wconf 68' lang='grc' dir='ltr'><strong><em>παρὰ</em></strong></span> <span class='ocrx_word' id='word_1_232' title='bbox 1139 2481 1205 2553; x_wconf 74' lang='grc' dir='ltr'><strong><em>τοῖς</em></strong></span> 
     </span>
     <span class='ocr_line' id='line_1_27' title="bbox 114 2570 445 2636; baseline -0.027 -8"><span class='ocrx_word' id='word_1_233' title='bbox 114 2570 264 2636; x_wconf 77' lang='grc' dir='ltr'><strong><em>Αττιιιοῖς.</em></strong></span> <span class='ocrx_word' id='word_1_234' title='bbox 288 2581 445 2621; x_wconf 79' lang='lat' dir='ltr'><strong>sensurus.</strong></span> 
     </span>
    </p>
   </div>
   <div class='ocr_carea' id='block_1_11' title="bbox 106 2669 1207 3012">
    <p class='ocr_par' dir='ltr' id='par_1_11' title="bbox 106 2669 1207 3012">
     <span class='ocr_line' id='line_1_28' title="bbox 171 2669 1207 2758; baseline 0.002 -18"><span class='ocrx_word' id='word_1_235' title='bbox 171 2682 204 2740; x_wconf 89' lang='lat' dir='ltr'><strong>P.</strong></span> <span class='ocrx_word' id='word_1_236' title='bbox 228 2686 279 2747; x_wconf 91' lang='grc'><strong>31.</strong></span> <span class='ocrx_word' id='word_1_237' title='bbox 300 2702 330 2741; x_wconf 84' lang='lat' dir='ltr'><strong>v.</strong></span> <span class='ocrx_word' id='word_1_238' title='bbox 355 2683 404 2744; x_wconf 83' lang='lat'><strong>11.</strong></span> <span class='ocrx_word' id='word_1_239' title='bbox 434 2676 466 2743; x_wconf 83' lang='grc' dir='ltr'><strong>ίν</strong></span> <span class='ocrx_word' id='word_1_240' title='bbox 485 2672 517 2743; x_wconf 72' lang='lat' dir='ltr'><strong>di</strong></span> <span class='ocrx_word' id='word_1_241' title='bbox 539 2669 658 2756; x_wconf 75' lang='grc' dir='ltr'><strong><em>τούτοις</em></strong></span> <span class='ocrx_word' id='word_1_242' title='bbox 680 2682 744 2750; x_wconf 77' lang='grc' dir='ltr'><strong><em>τοῖς</em></strong></span> <span class='ocrx_word' id='word_1_243' title='bbox 763 2675 962 2758; x_wconf 81' lang='grc' dir='ltr'><strong><em>νομοθίιαις]</em></strong></span> <span class='ocrx_word' id='word_1_244' title='bbox 997 2695 1029 2757; x_wconf 77' lang='lat' dir='ltr'><strong>p.</strong></span> <span class='ocrx_word' id='word_1_245' title='bbox 1050 2678 1129 2751; x_wconf 78' lang='lat'><strong>710,</strong></span> <span class='ocrx_word' id='word_1_246' title='bbox 1151 2677 1207 2742; x_wconf 72' lang='lat'><strong>17.</strong></span> 
     </span>
     <span class='ocr_line' id='line_1_29' title="bbox 111 2756 1204 2845; baseline -0.008 -16"><span class='ocrx_word' id='word_1_247' title='bbox 111 2770 182 2829; x_wconf 83' lang='lat' dir='ltr'><strong>Toiv</strong></span> <span class='ocrx_word' id='word_1_248' title='bbox 202 2764 233 2828; x_wconf 76' lang='lat' dir='ltr'><strong>dl</strong></span> <span class='ocrx_word' id='word_1_249' title='bbox 253 2762 356 2845; x_wconf 82' lang='grc' dir='ltr'><strong><em>νόμον</em></strong></span> <span class='ocrx_word' id='word_1_250' title='bbox 370 2768 430 2826; x_wconf 80' lang='lat' dir='ltr'><strong>sois</strong></span> <span class='ocrx_word' id='word_1_251' title='bbox 454 2763 598 2838; x_wconf 77' lang='grc' dir='ltr'><strong>κειμένων</strong></span> <span class='ocrx_word' id='word_1_252' title='bbox 614 2760 654 2840; x_wconf 70' lang='grc' dir='ltr'><strong>μὴ</strong></span> <span class='ocrx_word' id='word_1_253' title='bbox 673 2760 778 2838; x_wconf 77' lang='grc' dir='ltr'><strong><em>ἐξεῖναι</em></strong></span> <span class='ocrx_word' id='word_1_254' title='bbox 790 2767 876 2824; x_wconf 79' lang='grc' dir='ltr'><strong><em>λῦσαι</em></strong></span> <span class='ocrx_word' id='word_1_255' title='bbox 890 2761 1020 2842; x_wconf 77' lang='grc' dir='ltr'><strong><em>μηθένα,</em></strong></span> <span class='ocrx_word' id='word_1_256' title='bbox 1040 2756 1093 2822; x_wconf 70' lang='lat' dir='ltr'><strong>triv</strong></span> <span class='ocrx_word' id='word_1_257' title='bbox 1108 2756 1150 2841; x_wconf 76' lang='grc' dir='ltr'><em>μή</em></span> <span class='ocrx_word' id='word_1_258' title='bbox 1169 2760 1204 2839; x_wconf 84' lang='grc' dir='ltr'><strong>ίν</strong></span> 
     </span>
     <span class='ocr_line' id='line_1_30' title="bbox 106 2842 1205 2930; baseline -0.011 -16"><span class='ocrx_word' id='word_1_259' title='bbox 106 2850 297 2930; x_wconf 76' lang='grc' dir='ltr'><strong><em>νομοθέταις.</em></strong></span> <span class='ocrx_word' id='word_1_260' title='bbox 342 2848 484 2926; x_wconf 88' lang='lat' dir='ltr'><strong>Proprius</strong></span> <span class='ocrx_word' id='word_1_261' title='bbox 504 2847 553 2905; x_wconf 91' lang='lat' dir='ltr'><strong>hic</strong></span> <span class='ocrx_word' id='word_1_262' title='bbox 573 2865 645 2903; x_wconf 88' lang='lat' dir='ltr'><strong>usus</strong></span> <span class='ocrx_word' id='word_1_263' title='bbox 664 2845 893 2923; x_wconf 83' lang='lat' dir='ltr'><strong>praepositionis</strong></span> <span class='ocrx_word' id='word_1_264' title='bbox 911 2844 945 2908; x_wconf 82' lang='grc' dir='ltr'><strong>ἒν</strong></span> <span class='ocrx_word' id='word_1_265' title='bbox 962 2844 999 2904; x_wconf 83' lang='lat' dir='ltr'><strong>de</strong></span> <span class='ocrx_word' id='word_1_266' title='bbox 1014 2842 1128 2920; x_wconf 86' lang='lat' dir='ltr'><strong>legibus</strong></span> <span class='ocrx_word' id='word_1_267' title='bbox 1142 2843 1205 2903; x_wconf 81' lang='lat' dir='ltr'><strong>sci-¹</strong></span> 
     </span>
     <span class='ocr_line' id='line_1_31' title="bbox 107 2928 893 3012; baseline -0.006 -19"><span class='ocrx_word' id='word_1_268' title='bbox 107 2935 228 2994; x_wconf 86' lang='lat' dir='ltr'><strong>suendis</strong></span> <span class='ocrx_word' id='word_1_269' title='bbox 240 2945 269 2993; x_wconf 88' lang='lat' dir='ltr'><strong>et</strong></span> <span class='ocrx_word' id='word_1_270' title='bbox 287 2932 463 3012; x_wconf 82' lang='lat' dir='ltr'><strong>abrogandis</strong></span> <span class='ocrx_word' id='word_1_271' title='bbox 476 2932 529 3012; x_wconf 82' lang='lat' dir='ltr'><strong>per&#39;</strong></span> <span class='ocrx_word' id='word_1_272' title='bbox 540 2928 713 3008; x_wconf 80' lang='grc' dir='ltr'><strong><em>νομοθέτας.</em></strong></span> <span class='ocrx_word' id='word_1_273' title='bbox 735 2948 893 2988; x_wconf 73' lang='lat' dir='ltr'><strong>summere.</strong></span> 
     </span>
    </p>
   </div>
   <div class='ocr_carea' id='block_1_12' title="bbox 105 3041 1245 3639">
    <p class='ocr_par' dir='ltr' id='par_1_12' title="bbox 105 3041 1245 3639">
     <span class='ocr_line' id='line_1_32' title="bbox 173 3041 1245 3129; baseline -0.007 -11"><span class='ocrx_word' id='word_1_274' title='bbox 173 3053 206 3112; x_wconf 87' lang='grc' dir='ltr'><strong>Ρ.</strong></span> <span class='ocrx_word' id='word_1_275' title='bbox 229 3055 279 3117; x_wconf 79' lang='grc'><strong>31.</strong></span> <span class='ocrx_word' id='word_1_276' title='bbox 300 3071 330 3110; x_wconf 76' lang='lat' dir='ltr'><strong>V·</strong></span> <span class='ocrx_word' id='word_1_277' title='bbox 353 3057 401 3118; x_wconf 88' lang='grc'><strong>11.</strong></span> <span class='ocrx_word' id='word_1_278' title='bbox 423 3045 538 3129; x_wconf 71' lang='grc' dir='ltr'><strong><em>θῆσθε]</em></strong></span> <span class='ocrx_word' id='word_1_279' title='bbox 560 3041 594 3110; x_wconf 75' lang='grc' dir='ltr'><strong>τί</strong></span> <span class='ocrx_word' id='word_1_280' title='bbox 615 3044 667 3127; x_wconf 71' lang='grc' dir='ltr'><strong>μὲν</strong></span> <span class='ocrx_word' id='word_1_281' title='bbox 687 3047 804 3110; x_wconf 80' lang='grc' dir='ltr'><strong><em>τιθέναι</em></strong></span> <span class='ocrx_word' id='word_1_282' title='bbox 827 3042 879 3108; x_wconf 84' lang='grc' dir='ltr'><strong><em>καί</em></strong></span> <span class='ocrx_word' id='word_1_283' title='bbox 896 3048 998 3109; x_wconf 77' lang='grc' dir='ltr'><strong><em>θεῖναι</em></strong></span> <span class='ocrx_word' id='word_1_284' title='bbox 1019 3045 1203 3128; x_wconf 67' lang='grc' dir='ltr'><strong><em>νομοθέτου,</em></strong></span> <span class='ocrx_word' id='word_1_285' title='bbox 1243 3112 1245 3117; x_wconf 81' lang='grc'>,</span> 
     </span>
     <span class='ocr_line' id='line_1_33' title="bbox 108 3126 1202 3213; baseline -0.005 -11"><span class='ocrx_word' id='word_1_286' title='bbox 108 3129 143 3201; x_wconf 77' lang='lat' dir='ltr'><strong>si</strong></span> <span class='ocrx_word' id='word_1_287' title='bbox 157 3136 189 3200; x_wconf 79' lang='grc' dir='ltr'><strong>δὲ</strong></span> <span class='ocrx_word' id='word_1_288' title='bbox 201 3137 313 3199; x_wconf 78' lang='grc' dir='ltr'><strong><em>θέσθαι</em></strong></span> <span class='ocrx_word' id='word_1_289' title='bbox 324 3130 418 3213; x_wconf 84' lang='grc' dir='ltr'><strong><em>νόμον</em></strong></span> <span class='ocrx_word' id='word_1_290' title='bbox 439 3140 492 3196; x_wconf 84' lang='grc' dir='ltr'><strong>τοῦ</strong></span> <span class='ocrx_word' id='word_1_291' title='bbox 510 3127 608 3211; x_wconf 78' lang='grc' dir='ltr'><strong><em>δήμου</em></strong></span> <span class='ocrx_word' id='word_1_292' title='bbox 623 3129 700 3195; x_wconf 84' lang='grc' dir='ltr'><strong><em>εἷναί</em></strong></span> <span class='ocrx_word' id='word_1_293' title='bbox 711 3150 795 3209; x_wconf 85' lang='grc' dir='ltr'><strong><em>φασι.</em></strong></span> <span class='ocrx_word' id='word_1_294' title='bbox 821 3129 919 3203; x_wconf 79' lang='grc' dir='ltr'><strong><em>.Ωιιίσ</em></strong></span> <span class='ocrx_word' id='word_1_295' title='bbox 933 3130 1068 3209; x_wconf 88' lang='lat' dir='ltr'><strong>sequitur</strong></span> <span class='ocrx_word' id='word_1_296' title='bbox 1082 3126 1202 3212; x_wconf 74' lang='grc' dir='ltr'><strong><em>λύσατε,</em></strong></span> 
     </span>
     <span class='ocr_line' id='line_1_34' title="bbox 105 3215 1202 3299; baseline -0.003 -19"><span class='ocrx_word' id='word_1_297' title='bbox 105 3222 212 3283; x_wconf 78' lang='lat' dir='ltr'><strong>malim</strong></span> <span class='ocrx_word' id='word_1_298' title='bbox 234 3220 330 3283; x_wconf 82' lang='grc' dir='ltr'><strong><em>θίσθε</em></strong></span> <span class='ocrx_word' id='word_1_299' title='bbox 354 3218 519 3299; x_wconf 88' lang='lat' dir='ltr'><strong>imperandi</strong></span> <span class='ocrx_word' id='word_1_300' title='bbox 546 3216 645 3275; x_wconf 88' lang='lat' dir='ltr'><strong>modo.</strong></span> <span class='ocrx_word' id='word_1_301' title='bbox 668 3235 767 3276; x_wconf 72' lang='lat' dir='ltr'><strong>worn.</strong></span> <span class='ocrx_word' id='word_1_302' title='bbox 796 3220 872 3293; x_wconf 80' lang='grc' dir='ltr'><strong><em>θῆτε</em></strong></span> <span class='ocrx_word' id='word_1_303' title='bbox 896 3215 1047 3273; x_wconf 86' lang='lat' dir='ltr'><strong>Parisinus</strong></span> <span class='ocrx_word' id='word_1_304' title='bbox 1075 3217 1202 3295; x_wconf 88' lang='lat' dir='ltr'><strong>primus.</strong></span> 
     </span>
     <span class='ocr_line' id='line_1_35' title="bbox 106 3297 1202 3379; baseline -0.011 -9"><span class='ocrx_word' id='word_1_305' title='bbox 106 3313 218 3370; x_wconf 82' lang='grc' dir='ltr'><strong><em>θεΐσθε</em></strong></span> <span class='ocrx_word' id='word_1_306' title='bbox 232 3304 409 3363; x_wconf 87' lang='lat' dir='ltr'><strong>Laudianus.</strong></span> <span class='ocrx_word' id='word_1_307' title='bbox 427 3321 522 3362; x_wconf 67' lang='lat' dir='ltr'><strong>nuiss.</strong></span> <span class='ocrx_word' id='word_1_308' title='bbox 543 3306 643 3379; x_wconf 78' lang='grc' dir='ltr'><strong><em>θῆσθε</em></strong></span> <span class='ocrx_word' id='word_1_309' title='bbox 659 3321 696 3358; x_wconf 82' lang='lat' dir='ltr'><strong>ex</strong></span> <span class='ocrx_word' id='word_1_310' title='bbox 711 3297 813 3377; x_wconf 82' lang='lat' dir='ltr'><strong>regulo</strong></span> <span class='ocrx_word' id='word_1_311' title='bbox 829 3306 888 3373; x_wconf 85' lang='lat' dir='ltr'><strong>est,</strong></span> <span class='ocrx_word' id='word_1_312' title='bbox 907 3298 1005 3361; x_wconf 78' lang='grc' dir='ltr'><strong><em>θέσθε</em></strong></span> <span class='ocrx_word' id='word_1_313' title='bbox 1023 3301 1202 3378; x_wconf 76' lang='lat' dir='ltr'><strong>anomalum,</strong></span> 
     </span>
     <span class='ocr_line' id='line_1_36' title="bbox 109 3383 1202 3460; baseline -0.011 -10"><span class='ocrx_word' id='word_1_314' title='bbox 109 3391 167 3450; x_wconf 90' lang='lat' dir='ltr'><strong>etsi</strong></span> <span class='ocrx_word' id='word_1_315' title='bbox 182 3409 242 3447; x_wconf 91' lang='lat' dir='ltr'><strong>non</strong></span> <span class='ocrx_word' id='word_1_316' title='bbox 256 3388 463 3447; x_wconf 86' lang='lat' dir='ltr'><strong>damnandum.</strong></span> <span class='ocrx_word' id='word_1_317' title='bbox 486 3386 520 3445; x_wconf 87' lang='lat' dir='ltr'><strong>V.</strong></span> <span class='ocrx_word' id='word_1_318' title='bbox 534 3392 596 3443; x_wconf 91' lang='lat' dir='ltr'><strong>not.</strong></span> <span class='ocrx_word' id='word_1_319' title='bbox 612 3385 649 3443; x_wconf 86' lang='lat' dir='ltr'><strong>ud</strong></span> <span class='ocrx_word' id='word_1_320' title='bbox 668 3386 752 3442; x_wconf 76' lang='lat' dir='ltr'><strong>Poe&#39;t.</strong></span> <span class='ocrx_word' id='word_1_321' title='bbox 769 3384 874 3441; x_wconf 82' lang='lat' dir='ltr'><strong>Gnorn.</strong></span> <span class='ocrx_word' id='word_1_322' title='bbox 887 3403 918 3460; x_wconf 88' lang='lat' dir='ltr'><strong>p.</strong></span> <span class='ocrx_word' id='word_1_323' title='bbox 937 3383 1006 3447; x_wconf 85' lang='lat'><strong>155.</strong></span> <span class='ocrx_word' id='word_1_324' title='bbox 1029 3383 1153 3443; x_wconf 87' lang='lat' dir='ltr'><strong>Photius</strong></span> <span class='ocrx_word' id='word_1_325' title='bbox 1174 3404 1202 3445; x_wconf 84' lang='lat' dir='ltr'><strong>c.</strong></span> 
     </span>
     <span class='ocr_line' id='line_1_37' title="bbox 108 3461 1209 3553; baseline -0.007 -13"><span class='ocrx_word' id='word_1_326' title='bbox 108 3480 164 3540; x_wconf 85' lang='lat'><strong>68.</strong></span> <span class='ocrx_word' id='word_1_327' title='bbox 177 3474 345 3551; x_wconf 83' lang='lat' dir='ltr'><strong>etEtymol.</strong></span> <span class='ocrx_word' id='word_1_328' title='bbox 362 3474 400 3530; x_wconf 85' lang='lat' dir='ltr'><strong>M.</strong></span> <span class='ocrx_word' id='word_1_329' title='bbox 417 3492 442 3530; x_wconf 83' lang='lat' dir='ltr'><strong>e.</strong></span> <span class='ocrx_word' id='word_1_330' title='bbox 458 3474 529 3542; x_wconf 84' lang='lat'><strong>448,</strong></span> <span class='ocrx_word' id='word_1_331' title='bbox 546 3472 595 3532; x_wconf 79' lang='lat'><strong>17.</strong></span> <span class='ocrx_word' id='word_1_332' title='bbox 628 3467 740 3530; x_wconf 78' lang='grc' dir='ltr'><strong><em>Θίσθαι</em></strong></span> <span class='ocrx_word' id='word_1_333' title='bbox 762 3501 798 3511; x_wconf 86' lang='grc'>-</span> <span class='ocrx_word' id='word_1_334' title='bbox 820 3461 884 3528; x_wconf 80' lang='lat' dir='ltr'><strong>oivtl</strong></span> <span class='ocrx_word' id='word_1_335' title='bbox 904 3471 960 3528; x_wconf 81' lang='grc' dir='ltr'><strong>τοῦ</strong></span> <span class='ocrx_word' id='word_1_336' title='bbox 977 3466 1209 3553; x_wconf 57' lang='grc' dir='ltr'><strong><em>προίσθαιμαί</em></strong></span> 
     </span>
     <span class='ocr_line' id='line_1_38' title="bbox 107 3549 982 3639; baseline -0.015 -18"><span class='ocrx_word' id='word_1_337' title='bbox 107 3562 247 3639; x_wconf 75' lang='grc' dir='ltr'><strong><em>κυρῶσαι</em></strong></span> <span class='ocrx_word' id='word_1_338' title='bbox 257 3553 362 3636; x_wconf 86' lang='grc' dir='ltr'><strong><em>μόνον.</em></strong></span> <span class='ocrx_word' id='word_1_339' title='bbox 384 3558 451 3633; x_wconf 89' lang='lat' dir='ltr'><strong>Leg.</strong></span> <span class='ocrx_word' id='word_1_340' title='bbox 465 3554 637 3637; x_wconf 75' lang='grc' dir='ltr'><strong><em>προσέσθαι</em></strong></span> <span class='ocrx_word' id='word_1_341' title='bbox 651 3561 681 3610; x_wconf 86' lang='lat' dir='ltr'><strong>et</strong></span> <span class='ocrx_word' id='word_1_342' title='bbox 694 3549 799 3629; x_wconf 85' lang='grc' dir='ltr'><strong><em>νόμον.</em></strong></span> <span class='ocrx_word' id='word_1_343' title='bbox 823 3564 982 3608; x_wconf 74' lang='lat' dir='ltr'><strong>sensurus.</strong></span> 
     </span>
    </p>
   </div>
   <div class='ocr_carea' id='block_1_13' title="bbox 106 3648 1266 3822">
    <p class='ocr_par' dir='ltr' id='par_1_13' title="bbox 106 3648 1266 3822">
     <span class='ocr_line' id='line_1_39' title="bbox 174 3648 1201 3734; baseline -0.008 -16"><span class='ocrx_word' id='word_1_344' title='bbox 174 3660 206 3718; x_wconf 87' lang='lat' dir='ltr'><strong>P.</strong></span> <span class='ocrx_word' id='word_1_345' title='bbox 228 3663 279 3723; x_wconf 82' lang='grc'><strong>31.</strong></span> <span class='ocrx_word' id='word_1_346' title='bbox 301 3676 331 3717; x_wconf 80' lang='lat' dir='ltr'><strong>v·</strong></span> <span class='ocrx_word' id='word_1_347' title='bbox 356 3659 405 3721; x_wconf 84' lang='lat'><strong>13.</strong></span> <span class='ocrx_word' id='word_1_348' title='bbox 435 3653 482 3734; x_wconf 75' lang='lat' dir='ltr'><strong>dl]</strong></span> <span class='ocrx_word' id='word_1_349' title='bbox 519 3651 557 3732; x_wconf 79' lang='grc' dir='ltr'><em>δὴ</em></span> <span class='ocrx_word' id='word_1_350' title='bbox 585 3652 736 3711; x_wconf 82' lang='lat' dir='ltr'><strong>Parisinus</strong></span> <span class='ocrx_word' id='word_1_351' title='bbox 760 3659 903 3728; x_wconf 81' lang='lat' dir='ltr'><strong>octavus,</strong></span> <span class='ocrx_word' id='word_1_352' title='bbox 937 3648 1046 3710; x_wconf 71' lang='lat' dir='ltr'><strong>Aldina</strong></span> <span class='ocrx_word' id='word_1_353' title='bbox 1069 3649 1201 3730; x_wconf 83' lang='lat' dir='ltr'><strong>Taylori,</strong></span> 
     </span>
     <span class='ocr_line' id='line_1_40' title="bbox 106 3735 1266 3822; baseline -0.013 -17"><span class='ocrx_word' id='word_1_354' title='bbox 106 3743 301 3822; x_wconf 72' lang='lat' dir='ltr'><strong>Augustanus</strong></span> <span class='ocrx_word' id='word_1_355' title='bbox 321 3738 484 3813; x_wconf 86' lang='lat' dir='ltr'><strong>secundus,</strong></span> <span class='ocrx_word' id='word_1_356' title='bbox 505 3738 656 3818; x_wconf 79' lang='lat' dir='ltr'><strong>appendix</strong></span> <span class='ocrx_word' id='word_1_357' title='bbox 674 3735 917 3795; x_wconf 81' lang='lat' dir='ltr'><strong>Francosurtona.</strong></span> <span class='ocrx_word' id='word_1_358' title='bbox 939 3753 1036 3794; x_wconf 74' lang='lat' dir='ltr'><strong>uersu.</strong></span> <span class='ocrx_word' id='word_1_359' title='bbox 1262 3741 1266 3748; x_wconf 85' lang='lat'><em>&#39;</em></span> 
     </span>
    </p>
   </div>
   <div class='ocr_carea' id='block_1_14' title="bbox 109 3829 1203 4004">
    <p class='ocr_par' dir='ltr' id='par_1_14' title="bbox 109 3829 1203 4004">
     <span class='ocr_line' id='line_1_41' title="bbox 173 3829 1203 3920; baseline -0.007 -16"><span class='ocrx_word' id='word_1_360' title='bbox 173 3842 207 3904; x_wconf 86' lang='lat' dir='ltr'><strong>P.</strong></span> <span class='ocrx_word' id='word_1_361' title='bbox 229 3848 280 3908; x_wconf 84' lang='lat'><strong>31.</strong></span> <span class='ocrx_word' id='word_1_362' title='bbox 302 3862 332 3903; x_wconf 86' lang='lat' dir='ltr'><strong>v.</strong></span> <span class='ocrx_word' id='word_1_363' title='bbox 356 3848 403 3909; x_wconf 82' lang='lat'><strong>13.</strong></span> <span class='ocrx_word' id='word_1_364' title='bbox 427 3844 530 3920; x_wconf 81' lang='grc' dir='ltr'><strong><em>σαφῶς</em></strong></span> <span class='ocrx_word' id='word_1_365' title='bbox 542 3829 668 3915; x_wconf 72' lang='grc' dir='ltr'><strong><em>σίτοισί]</em></strong></span> <span class='ocrx_word' id='word_1_366' title='bbox 689 3837 734 3898; x_wconf 85' lang='lat' dir='ltr'><strong>sic</strong></span> <span class='ocrx_word' id='word_1_367' title='bbox 746 3851 778 3895; x_wconf 82' lang='lat' dir='ltr'><strong>ut</strong></span> <span class='ocrx_word' id='word_1_368' title='bbox 792 3857 869 3897; x_wconf 83' lang='lat' dir='ltr'><strong>nunc</strong></span> <span class='ocrx_word' id='word_1_369' title='bbox 882 3848 987 3917; x_wconf 79' lang='lat' dir='ltr'><strong>oper-te,</strong></span> <span class='ocrx_word' id='word_1_370' title='bbox 1004 3831 1094 3895; x_wconf 85' lang='lat' dir='ltr'><strong>claris</strong></span> <span class='ocrx_word' id='word_1_371' title='bbox 1109 3832 1203 3898; x_wconf 76' lang='lat' dir='ltr'><strong>uerbis</strong></span> 
     </span>
     <span class='ocr_line' id='line_1_42' title="bbox 109 3921 1030 4004; baseline -0.013 -17"><span class='ocrx_word' id='word_1_372' title='bbox 109 3925 189 4004; x_wconf 74' lang='lat' dir='ltr'><strong>dico,</strong></span> <span class='ocrx_word' id='word_1_373' title='bbox 213 3925 245 3987; x_wconf 91' lang='lat' dir='ltr'><strong>h.</strong></span> <span class='ocrx_word' id='word_1_374' title='bbox 259 3948 284 3988; x_wconf 88' lang='lat' dir='ltr'><strong>e.</strong></span> <span class='ocrx_word' id='word_1_375' title='bbox 300 3928 362 4001; x_wconf 80' lang='lat' dir='ltr'><strong>sine</strong></span> <span class='ocrx_word' id='word_1_376' title='bbox 372 3924 436 3986; x_wconf 87' lang='lat' dir='ltr'><strong>ullo</strong></span> <span class='ocrx_word' id='word_1_377' title='bbox 450 3921 617 3985; x_wconf 77' lang='lat' dir='ltr'><strong>conditione</strong></span> <span class='ocrx_word' id='word_1_378' title='bbox 631 3941 653 3979; x_wconf 89' lang='lat' dir='ltr'><strong>s.</strong></span> <span class='ocrx_word' id='word_1_379' title='bbox 670 3922 847 4002; x_wconf 70' lang='lat' dir='ltr'><strong>exceptione.</strong></span> <span class='ocrx_word' id='word_1_380' title='bbox 872 3939 1030 3981; x_wconf 75' lang='lat' dir='ltr'><strong>sensurus.</strong></span> 
     </span>
    </p>
   </div>
   <div class='ocr_carea' id='block_1_15' title="bbox 109 4018 1241 4192">
    <p class='ocr_par' dir='ltr' id='par_1_15' title="bbox 109 4018 1241 4192">
     <span class='ocr_line' id='line_1_43' title="bbox 149 4018 1241 4104; baseline -0.004 -16"><span class='ocrx_word' id='word_1_381' title='bbox 149 4052 152 4058; x_wconf 77' lang='grc'><em>’</em></span> <span class='ocrx_word' id='word_1_382' title='bbox 173 4030 207 4088; x_wconf 85' lang='grc' dir='ltr'><strong>Ρ.</strong></span> <span class='ocrx_word' id='word_1_383' title='bbox 230 4030 281 4096; x_wconf 89' lang='grc'><strong>31.</strong></span> <span class='ocrx_word' id='word_1_384' title='bbox 302 4047 332 4087; x_wconf 81' lang='lat' dir='ltr'><strong>v.</strong></span> <span class='ocrx_word' id='word_1_385' title='bbox 356 4028 405 4092; x_wconf 86' lang='lat'><strong>15.</strong></span> <span class='ocrx_word' id='word_1_386' title='bbox 427 4018 668 4100; x_wconf 70' lang='grc' dir='ltr'><strong><em>τούς-ἑνίσας]</em></strong></span> <span class='ocrx_word' id='word_1_387' title='bbox 698 4020 800 4081; x_wconf 83' lang='lat' dir='ltr'><strong>Malim</strong></span> <span class='ocrx_word' id='word_1_388' title='bbox 815 4025 875 4084; x_wconf 79' lang='lat' dir='ltr'><strong>suiv</strong></span> <span class='ocrx_word' id='word_1_389' title='bbox 889 4021 958 4103; x_wconf 80' lang='grc' dir='ltr'><strong><em>περί</em></strong></span> <span class='ocrx_word' id='word_1_390' title='bbox 969 4023 1029 4083; x_wconf 75' lang='grc' dir='ltr'><strong><em>τοῖν</em></strong></span> <span class='ocrx_word' id='word_1_391' title='bbox 1046 4036 1203 4098; x_wconf 80' lang='grc' dir='ltr'><strong><em>στρατενο·</em></strong></span> <span class='ocrx_word' id='word_1_392' title='bbox 1236 4090 1241 4104; x_wconf 48' lang='grc'><strong>,</strong></span> 
     </span>
     <span class='ocr_line' id='line_1_44' title="bbox 109 4103 1212 4192; baseline -0.018 -15"><span class='ocrx_word' id='word_1_393' title='bbox 109 4113 211 4192; x_wconf 79' lang='grc' dir='ltr'><strong><em>μίνων</em></strong></span> <span class='ocrx_word' id='word_1_394' title='bbox 226 4112 346 4185; x_wconf 76' lang='grc' dir='ltr'><strong><em>ἐνίους,</em></strong></span> <span class='ocrx_word' id='word_1_395' title='bbox 361 4111 428 4183; x_wconf 88' lang='lat' dir='ltr'><strong>vel,</strong></span> <span class='ocrx_word' id='word_1_396' title='bbox 453 4110 560 4172; x_wconf 88' lang='lat' dir='ltr'><strong>omisso</strong></span> <span class='ocrx_word' id='word_1_397' title='bbox 578 4103 722 4180; x_wconf 88' lang='lat' dir='ltr'><strong>articulo,</strong></span> <span class='ocrx_word' id='word_1_398' title='bbox 740 4128 770 4168; x_wconf 86' lang='grc' dir='ltr'><strong><em>ιι.</em></strong></span> <span class='ocrx_word' id='word_1_399' title='bbox 787 4129 811 4169; x_wconf 85' lang='grc' dir='ltr'><strong>τ.</strong></span> <span class='ocrx_word' id='word_1_400' title='bbox 831 4124 872 4168; x_wconf 91' lang='grc' dir='ltr'><strong>στ.</strong></span> <span class='ocrx_word' id='word_1_401' title='bbox 889 4105 999 4176; x_wconf 77' lang='grc' dir='ltr'><strong>ἐνίους.</strong></span> <span class='ocrx_word' id='word_1_402' title='bbox 1019 4122 1117 4161; x_wconf 65' lang='lat' dir='ltr'><strong>trous.</strong></span> <span class='ocrx_word' id='word_1_403' title='bbox 1142 4109 1212 4168; x_wconf 65' lang='grc' dir='ltr'><strong><em>τοῖιν</em></strong></span> 
     </span>
    </p>
   </div>
   <div class='ocr_carea' id='block_1_16' title="bbox 110 4186 1299 4273">
    <p class='ocr_par' dir='ltr' id='par_1_16' title="bbox 110 4186 1299 4273">
     <span class='ocr_line' id='line_1_45' title="bbox 110 4186 1299 4273; baseline -0.008 -16"><span class='ocrx_word' id='word_1_404' title='bbox 110 4207 142 4257; x_wconf 88' lang='lat' dir='ltr'><strong>ot</strong></span> <span class='ocrx_word' id='word_1_405' title='bbox 154 4197 228 4257; x_wconf 88' lang='lat' dir='ltr'><strong>mibi</strong></span> <span class='ocrx_word' id='word_1_406' title='bbox 238 4195 405 4273; x_wconf 73' lang='lat' dir='ltr'><strong>aliquando</strong></span> <span class='ocrx_word' id='word_1_407' title='bbox 419 4195 450 4252; x_wconf 93' lang='lat' dir='ltr'><strong>in</strong></span> <span class='ocrx_word' id='word_1_408' title='bbox 464 4201 591 4252; x_wconf 87' lang='lat' dir='ltr'><strong>montem</strong></span> <span class='ocrx_word' id='word_1_409' title='bbox 603 4190 695 4250; x_wconf 82' lang='lat' dir='ltr'><strong>venit.</strong></span> <span class='ocrx_word' id='word_1_410' title='bbox 713 4208 810 4248; x_wconf 79' lang='lat' dir='ltr'><strong>nursx.</strong></span> <span class='ocrx_word' id='word_1_411' title='bbox 839 4186 966 4266; x_wconf 80' lang='lat' dir='ltr'><strong>Vulgata</strong></span> <span class='ocrx_word' id='word_1_412' title='bbox 984 4187 1105 4246; x_wconf 83' lang='lat' dir='ltr'><strong>videtur</strong></span> <span class='ocrx_word' id='word_1_413' title='bbox 1119 4194 1204 4249; x_wconf 83' lang='lat' dir='ltr'><strong>recte</strong></span> <span class='ocrx_word' id='word_1_414' title='bbox 1250 4214 1256 4227; x_wconf 77' lang='lat'><strong>.</strong></span> <span class='ocrx_word' id='word_1_415' title='bbox 1295 4252 1299 4260; x_wconf 60' lang='grc'>,</span> 
     </span>
    </p>
   </div>
   <div class='ocr_carea' id='block_1_17' title="bbox 108 4271 1203 4375">
    <p class='ocr_par' dir='ltr' id='par_1_17' title="bbox 108 4271 1203 4375">
     <span class='ocr_line' id='line_1_46' title="bbox 108 4271 1203 4375; baseline -0.008 -34"><span class='ocrx_word' id='word_1_416' title='bbox 108 4281 232 4344; x_wconf 84' lang='lat' dir='ltr'><strong>hebere.</strong></span> <span class='ocrx_word' id='word_1_417' title='bbox 274 4281 384 4340; x_wconf 85' lang='lat' dir='ltr'><strong>Parum</strong></span> <span class='ocrx_word' id='word_1_418' title='bbox 404 4277 523 4358; x_wconf 86' lang='lat' dir='ltr'><strong>quidem</strong></span> <span class='ocrx_word' id='word_1_419' title='bbox 542 4275 700 4356; x_wconf 77' lang='lat' dir='ltr'><strong>placebant</strong></span> <span class='ocrx_word' id='word_1_420' title='bbox 710 4274 833 4341; x_wconf 86' lang='lat' dir='ltr'><strong>Oretori</strong></span> <span class='ocrx_word' id='word_1_421' title='bbox 850 4272 931 4353; x_wconf 87' lang='lat' dir='ltr'><strong>leges</strong></span> <span class='ocrx_word' id='word_1_422' title='bbox 944 4272 983 4375; x_wconf 85' lang='lat' dir='ltr'><strong>de</strong></span> <span class='ocrx_word' id='word_1_423' title='bbox 994 4271 1203 4350; x_wconf 83' lang='lat' dir='ltr'><strong>militantibus,</strong></span> 
     </span>
    </p>
   </div>
   <div class='ocr_carea' id='block_1_18' title="bbox 0 0 1389 4724">
    <p class='ocr_par' dir='ltr' id='par_1_18' title="bbox 0 0 1389 4724">
     <span class='ocr_line' id='line_1_47' title="bbox 0 0 1389 4724; baseline 0 0"><span class='ocrx_word' id='word_1_424' title='bbox 0 0 1389 4724; x_wconf 95' lang='lat' dir='ltr'><strong> </strong></span> 
     </span>
    </p>
   </div>
  </div>
 </body>
</html>
