2768 4724
178 194 244 263 τις
404 126 451 176 '⁸
543 190 916 253 saaorraroars

87 414 90 423 .
177 357 365 448 ὖιτίρβαιον.
400 361 579 425 scholiastes
597 371 697 423 autem
719 363 760 423 sd
779 361 919 441 Ilormog.
938 387 971 429 ιτ.
990 363 1080 431 lalisio
1100 365 1183 429 hune
1205 386 1280 435 eun·

178 452 247 512 dem
264 451 365 509 locum
390 450 519 527 allegans
538 449 670 527 appellat
690 440 861 530 diciplinam·
881 440 952 512 κατ’
973 441 1194 533 ἇναστροφήν,
1224 476 1280 517 su-

112 572 121 581 ·
179 546 295 600 etorem
325 533 451 593 laudans
476 533 638 593 Tiberium.
667 551 764 593 nrrsn.
810 533 909 593 Locus
928 535 1041 596 Tiberii
1060 546 1117 596 est·
1124 559 1157 617 p.
1180 539 1233 604 51.
1253 561 1278 602 s.

179 621 227 683 ed.
239 621 335 683 Boias.
355 637 514 679 scusersn.

241 708 273 766 Ρ.
296 709 347 769 22.
368 721 401 765 r.
423 707 474 769 18.
494 697 618 784 τὴντοῦ
630 696 872 786 διαπράξασθαι]
893 698 952 784 τὴν
967 697 1019 768 διαί
1031 707 1088 769 τοῦ
1102 698 1279 790 πράξασθαι

178 789 251 870 Aug.
264 789 380 853 tertius.
402 806 498 849 neren.
511 792 513 798 '
732 820 735 825 ·
1268 816 1271 820 ·

240 877 273 935 Ρ.
294 879 347 939 22.
368 892 399 930 v.
421 878 473 936 20.
496 868 691 937 Μακεδόνων
725 867 883 954 daedale]
926 871 1049 935 Scilicet
1086 871 1276 957 διετρίὸατο.

177 979 276 1031 troas.
320 956 439 1035 Ordine,
468 958 589 1019 inverso
623 956 766 1042 βαοιίεύς
781 952 994 1023 1Μαιιιδόναν
1026 956 1163 1020 Tiberius
1199 962 1220 1020 l.
1249 982 1276 1022 c.

177 1063 366 1105 emineres..
1266 1090 1269 1095 .

240 1130 272 1189 P.
295 1133 344 1194 22.
368 1145 398 1186 v.
419 1131 470 1193 21.
493 1119 653 1206 ἆοραλῶς]
698 1125 790 1186 abest
819 1125 1040 1187 uMeermsnn.
1066 1147 1164 1207 unse.
1215 1130 1275 1191 Pro

178 1206 323 1295 ἆσφαλῶς
337 1211 429 1272 habet
444 1216 540 1285 καλῶς
553 1212 690 1271 Tiberius
701 1210 722 1270 l.
736 1233 762 1270 c.
784 1211 871 1272 Male.
891 1230 1049 1271 senserim.

178 1336 181 1341 -
239 1300 272 1357 P.
295 1302 347 1362 22.
370 1318 400 1355 v.
422 1301 473 1361 22.
495 1297 677 1375 φιλοτιμίας]
691 1297 784 1356 Recte
799 1296 930 1356 vertitur
946 1293 1042 1356 decus.
1065 1294 1207 1377 Apparet,
1223 1321 1275 1376 φι·

92 1448 94 1455 ,
177 1384 294 1465 laragia
303 1392 332 1440 et
341 1378 451 1457 δόξαί).
462 1383 583 1441 lunum
599 1380 737 1460 idemque
751 1381 862 1457 valere,
877 1380 1128 1460 quemadmodum
1140 1404 1171 1463 p.
1182 1383 1273 1449 1425.

176 1472 217 1529 in.
260 1465 372 1526 Eodem
388 1466 479 1524 modo
501 1467 656 1547 φιλοτιμία
665 1464 893 1548 intelligendum
907 1486 999 1546 supra
1011 1484 1042 1546 p.
1061 1470 1117 1543 18,
1133 1470 1199 1540 21„
1220 1468 1274 1526 ubi

175 1552 342 1628 Riidigerus
356 1551 429 1610 mira
442 1550 558 1610 ratione
572 1550 610 1609 de
624 1551 783 1637 κενοδοξία
803 1549 1028 1630 interpretetur.
1059 1550 1144 1611 Conf.
1157 1558 1221 1612 slot.
1235 1552 1275 1611 ad
1287 1562 1301 1585 s

65 1700 70 1707 ,
122 1625 133 1645 '
175 1659 207 1719 p.
222 1643 273 1704 23.
288 1655 318 1696 v.
334 1640 362 1701 8.
385 1653 544 1694 serrasrea.
1019 1632 1022 1637 ’

239 1724 272 1782 Ρ.
296 1725 348 1791 22.
369 1740 399 1780 r.
421 1725 472 1784 22.
493 1717 575 1798 αἰεί]
608 1710 656 1783 niel
683 1717 748 1777 ald.
770 1737 867 1779 aersr.
898 1710 1072 1798 deterges.
1088 1729 1126 1782 'et
1146 1721 1274 1786 Bekker.

174 1824 337 1867 sansures.

237 1892 270 1951 Ρ.
291 1896 343 1954 22.
363 1906 394 1949 ν.
415 1893 467 1955 23.
490 1886 671 1970 οτραιιίαις]
693 1894 845 1970 στρατιαῖς
858 1887 973 1949 Harlei.
992 1907 1089 1950 aeret.

126 1968 133 1986 ‘
237 1975 271 2035 Ρ.
293 1980 344 2039 22.
365 1994 396 2033 v.
418 1979 471 2041 23.
494 1969 558 2036 dau
572 1965 776 2053 τεκαὶκοίτιο]
796 1968 859 2035 rivas
873 1968 953 2037 udam
976 1970 1055 2056 (sine
1071 1971 1271 2060 intermediis)
1371 1986 1377 1997 '

173 2063 280 2122 Bavar.
293 2060 325 2118 ia
343 2067 443 2133 texto,
466 2057 520 2117 sed
532 2077 635 2160 margo
649 2059 801 2135 vulgatam
816 2057 869 2138 dat
887 2078 955 2117 cum
972 2083 1019 2140 γρ.
1037 2058 1102 2135 ἅνω
1119 2062 1171 2125 καὶ
1191 2059 1273 2127 κάτω

174 2145 250 2229 (sine
263 2144 308 2224 τε)
334 2142 445 2204 Harlei.
466 2161 562 2203 uersu.
585 2165 650 2204 ανον
665 2137 746 2205 κάτω
759 2142 887 2203 Bekker.
930 2142 1019 2223 Vulgi
1043 2165 1160 2222 sermo,
1180 2168 1271 2228 quem

174 2232 283 2291 Orator
304 2227 335 2289 h.
349 2228 371 2287 l.
389 2227 519 2287 militum
542 2226 677 2306 querelas
699 2225 868 2306 exprimens
884 2227 1005 2287 'videtur
1018 2228 1170 2304 imitatus,
1192 2229 1271 2290 hasac

172 2315 443 2392 breviloquentiam
465 2313 589 2371 amavit:
628 2311 680 2391 qui
707 2311 822 2370 ctdtius·
845 2321 897 2372 aut
918 2312 1038 2391 gravius
1063 2314 1270 2393 loquerentur,

60 2390 63 2401 “
91 2424 93 2428 ·
132 2450 135 2454 .
172 2402 219 2459 usi
243 2409 313 2457 sunt
335 2399 444 2476 copule
466 2405 518 2455 aut
535 2396 630 2455 altera
643 2404 695 2455 aut
716 2405 852 2474 utraque.
890 2397 1051 2476 Berglerus
1068 2398 1151 2459 lrunc
1166 2400 1271 2460 locum

53 2492 64 2517 ‘
172 2481 310 2544 adhibuit
325 2479 557 2560 Aristophanico
571 2481 623 2540 dv.
640 2486 669 2546 3.
690 2500 850 2540 surrseren.

88 2558 95 2565 ⁸
231 2568 267 2628 Ρ.
289 2573 340 2633 22.
362 2586 392 2629 v.
415 2569 466 2632 25.
500 2559 567 2630 οὔτ’
589 2564 640 2630 daal
665 2571 728 2640 τοῖς
755 2564 869 2648 ἔργοις]
908 2564 1026 2627 Abeunt
1045 2588 1063 2626 a
1085 2565 1269 2649 Meernmum

171 2672 269 2713 rerer.

152 2795 155 2800 Δ
234 2740 266 2798 Ρ.
288 2742 340 2805 22.
362 2756 392 2796 v.
415 2737 466 2802 25.
487 2733 601 2816 ἔργοις]
634 2733 795 2815 ίργα·οιιηῑ
816 2755 887 2793 arva
909 2743 939 2795 st
957 2746 1020 2797 sata
1044 2736 1160 2810 omma,
1181 2730 1269 2813 ritas,

171 2820 268 2898 horti,
290 2821 399 2902 quibus
416 2819 549 2881 colendis
560 2821 623 2880 vita
638 2818 799 2894 toleratur,
817 2820 916 2879 rictus
932 2820 1094 2900 quaeritur.
1114 2840 1211 2882 nerse.

234 2908 267 2968 P.
289 2913 340 2973 22.
362 2927 392 2964 v.
414 2911 465 2971 26.
489 2902 591 2986 ἰδίοις]
620 2900 657 2965 τὰ
674 2905 740 2966 ίδια
760 2914 831 2963 sunt
848 2907 972 2984 propria
985 2906 1129 2986 cuiusque
1143 2906 1269 2966 domici-

170 2990 226 3068 tta,
248 3001 325 3051 artes
337 2990 522 3063 munumina,
543 3009 617 3068 quas
631 2997 766 3062 exercet,
788 2999 818 3047 et
835 3010 884 3047 res
903 2991 1065 3051 familiaris.
1085 3011 1181 3050 neren.

233 3077 264 3135 P.
283 3082 334 3141 22.
353 3093 382 3132 v.
406 3079 457 3139 26.
480 3068 664 3154 πορίοωσιν]
701 3063 870 3151 ποιήσωσιν
896 3073 1022 3150 August.
1054 3069 1205 3134 secundus
1236 3084 1266 3135 et

169 3156 276 3219 Barsa.
288 3161 322 3217 in
332 3167 435 3234 texto,
455 3156 509 3220 sed
521 3176 621 3234 mergo
634 3157 771 3215 Bavarici
790 3156 942 3232 vulgatam
962 3159 1016 3217 dat
1034 3178 1102 3218 cum
1116 3184 1163 3243 γρ.
1179 3160 1267 3220 tam-

90 3302 93 3307 .
161 3245 257 3318 ,binus
286 3245 318 3302 in
344 3243 443 3302 indice
470 3244 513 3302 sic
542 3241 666 3316 corrigit
686 3250 716 3298 et
736 3242 905 3318 distinguit:
942 3245 1129 3326 πορίσωνται
1157 3239 1267 3319 οὕτως,

170 3325 255 3402 ὄντας
270 3360 319 3391 -.
340 3330 475 3406 πορίζειν
491 3327 522 3386 lr.
539 3327 561 3387 l.
577 3336 620 3386 est
634 3324 713 3383 idem
726 3335 816 3404 atque
830 3328 1016 3405 πορίζεσθαι,
1035 3328 1265 3407 sibiquaererc,

169 3434 342 3493 comparare
368 3412 472 3472 labore
498 3433 567 3485 suo,
594 3420 629 3471 ut
654 3410 821 3484 frmnentn,
848 3410 938 3485 vina,
964 3413 1064 3471 oleum
1092 3423 1123 3472 et
1146 3412 1265 3473 similia.

167 3496 273 3576 n‘egata
296 3497 388 3577 copis·
400 3518 434 3558 aa
447 3497 613 3570 vendendi,
633 3514 724 3573 quae,
752 3514 873 3573 quoquo
888 3497 1058 3574 potuissent
1076 3498 1183 3573 modo,
1209 3499 1266 3558 sibi

166 3583 362 3664 peperissent.
421 3582 487 3640 Non
519 3582 573 3640 sim
603 3589 705 3663 tamon
739 3576 853 3639 alienus
878 3603 896 3639 a
925 3583 1053 3640 lectione
1084 3578 1285 3662 moenianum(

168 3668 275 3726 Graeci
295 3668 400 3726 dicunt
420 3672 522 3729 ποιεῖν
543 3673 644 3739 σῖτον,
663 3664 777 3741 ἔλαιον,
800 3685 856 3743 pro
870 3686 1011 3725 manuum
1027 3686 1147 3727 suarum
1160 3668 1265 3727 labore

165 3772 289 3831 parere,
312 3752 483 3832 geroianos,
501 3749 633 3809 erbauea.
657 3768 753 3807 serare.
795 3750 885 3826 Fugit
908 3749 961 3810 hie
984 3751 1074 3810 otiam
1096 3752 1181 3809 lomes
1197 3752 1265 3811 Ku-

83 3864 86 3868 ·
166 3846 278 3896 sterum
306 3836 344 3895 da
362 3835 453 3894 Verb.
478 3834 556 3893 Med.
575 3834 597 3892 1.
614 3839 683 3909 30.‚
712 3853 781 3892 eum
811 3845 933 3912 negaret
961 3833 1190 3894 llemostheriem
1218 3840 1265 3895 uti

164 3918 255 3999 huius
269 3921 352 3981 verbi
367 3920 466 3979 activo
479 3939 537 3998 pro
551 3919 670 3991 medio,
689 3920 862 3979 confutatus
877 3941 894 3977 s
911 3921 1027 3979 clerico
1041 3920 1187 3995 XXXX„
1210 3922 1262 4000 qui
1297 3929 1307 3937 '

165 4004 268 4064 citavit
279 4027 311 4085 p.
326 4005 377 4080 45,
394 4005 445 4070 25.
460 4013 491 4063 et
502 4003 696 4064 lllenandrum
711 4023 741 4082 p.
762 4008 830 4069 192.
844 4003 891 4063 ed.
904 4004 1035 4064 Meinelr.
1056 4022 1217 4064 santerna.
1247 4052 1249 4057 .

227 4090 259 4148 Ρ.
281 4097 332 4156 22.
355 4108 386 4149 v.
409 4093 461 4155 26.
486 4084 582 4160 οὕτως
606 4083 704 4166 ὅπως]
739 4081 775 4152 ‘cd
802 4082 898 4160 οἴνας
919 4088 1043 4147 'videtur
1063 4088 1262 4150 escholisste

164 4172 310 4236 additum.
322 4195 423 4235 wore.
446 4174 513 4234 Noa
524 4183 609 4253 puta.
631 4174 765 4233 Sensuse-
779 4172 895 4246 misere,
913 4193 1101 4252 remanare,
1116 4186 1260 4254 quantum
1345 4214 1357 4247 e

161 4257 286 4336 quidem
298 4261 374 4321 licet
383 4279 439 4340 par
450 4257 598 4340 stipendis
611 4258 763 4319 continua.
781 4277 941 4319 uniuersa.
