2768 4724
141 229 205 303 ⁴4⁰.
299 289 305 301 ,
408 223 617 289 nassau
646 184 964 287 urssunrsuru
1019 252 1022 257 -
1060 242 1095 251 ·-

135 432 144 453 .·
229 393 433 472 opponuntur
454 393 526 453 mihi
542 392 673 472 primum
689 395 879 455 auctoritates
899 393 1036 454 virorum
1051 393 1243 472 quorundam

41 527 43 531 ,
144 475 303 538 doctorum
323 481 372 536 vol
387 489 522 538 veterum
536 479 586 536 vel
599 479 819 552 recentiorum
842 478 951 537 deinde
974 488 1148 555 arguments
1163 499 1246 539 non-

143 563 246 638 nulla,
269 581 346 641 quoe
363 563 524 636 dicuntur,
547 563 671 623 interna.
685 595 727 611 -
750 565 788 623 Et
800 561 954 623 huminum
968 565 1089 640 quidem
1105 565 1244 632 istorum.
1348 576 1351 580 '

145 647 198 729 qui
210 644 283 707 mihi
296 646 449 707 adversari
460 645 615 721 videntur,
638 649 699 707 duo
713 668 776 707 esse
791 647 995 707 animadverto
1010 668 1128 725 gessere.
1152 649 1246 706 Nam-

59 764 65 771 ·
145 748 205 810 qne
218 741 272 790 out
288 747 385 810 aperte
394 734 584 814 profitentur,
617 731 694 792 itanc
715 733 876 791 orationem
893 730 952 792 citt
970 754 1028 793 non
1048 730 1143 791 uideri
1165 732 1248 791 De·
1312 797 1315 803 ,

145 814 374 893 mustitanis,
395 814 447 876 sed
470 813 687 898 Hegesippa'
705 813 753 875 uel
766 813 844 874 alius
859 814 1028 886 cuirssdam,
1051 827 1103 875 aut
1121 813 1247 877 abolito
1348 825 1354 833 ”

146 894 310 961 decurtare
325 897 458 965 dubitari
473 897 591 967 dicunt,
617 923 702 961 suum
714 897 856 959 iudicium
870 897 1016 960 cohibent.

12 1041 18 1048 ,
115 978 118 985 ’
210 984 370 1064 ,Ερτίοτί
388 1005 495 1062 genero
513 985 605 1064 pauci
628 993 712 1056 ausit,
744 994 1027 1043 etcommetnoratu
1049 1004 1121 1044 vere
1139 983 1249 1061 dignus

33 1120 38 1127 .
146 1071 268 1131 nonnisi
283 1089 379 1144 unus,
405 1066 562 1131 Libenter.
605 1069 726 1129 Isenitn
737 1069 857 1149 periisse
875 1065 969 1128 uideri
986 1070 1060 1129 dicit
1075 1069 1249 1129 Demosthe-

130 1157 196 1222 ἠὺ,
212 1151 248 1212 tie
266 1150 418 1213 Haloneso
431 1156 612 1230 orationem3
635 1153 713 1214 Isana
738 1150 856 1233 quidem
876 1174 935 1211 non
954 1152 1174 1227 Demosthenis,
1197 1150 1254 1215 sed

108 1280 114 1299 .
150 1238 308 1321 Hegesippi
320 1260 491 1316 recensere,
509 1256 610 1318 neque
623 1238 656 1297 id
672 1237 746 1296 dicit
760 1236 865 1309 modo,
896 1237 949 1296 sed
968 1239 1167 1316 comprobare
1182 1249 1251 1297 stu-

152 1323 204 1385 det
224 1320 422 1398 argumentis,
453 1323 490 1380 de
515 1323 624 1400 quibus
643 1322 750 1381 deinde
773 1321 941 1380 videbimus
959 1323 1002 1398 ³).
1035 1322 1129 1381 ‘Idem
1150 1331 1251 1382 tomen

59 1402 67 1413 ⁹
146 1406 428 1490 Idbaniusfutetur,
463 1427 495 1465 se
511 1428 547 1504 pa
561 1408 592 1465 in
608 1429 641 1466 re
661 1408 830 1468 criticorum
852 1408 1052 1488 antiquiorum
1075 1408 1251 1467 sententiam

81 1503 90 1517 '
125 1491 251 1570 sesqui,
274 1501 427 1568 ceterum,
450 1490 503 1570 qui
515 1492 565 1551 rsti
582 1492 709 1565 suerint,
730 1488 970 1550 Calliniechusne
986 1491 1109 1568 aliquis,
1138 1512 1176 1550 en
1192 1492 1270 1550 Zo-.

149 1576 259 1649 simus,
281 1597 320 1635 nn
334 1578 431 1652 Zeno,
454 1584 485 1634 st
505 1577 557 1654 qui
580 1576 628 1633 eiii
654 1576 793 1635 seruntur
815 1573 852 1634 do
874 1574 1071 1635 Demosthene
1095 1576 1165 1634 olim
1189 1597 1253 1636 esee

74 1686 81 1697 ·
150 1661 360 1733 commentati,
382 1659 413 1718 id
432 1679 505 1720 vero
521 1681 582 1720 non
595 1660 677 1719 dicit.
722 1659 820 1730 Quam
843 1655 931 1719 facile
950 1661 1042 1736 igitur
1057 1659 1120 1719 fieri
1142 1661 1251 1739 potuit,

150 1755 187 1807 ut
206 1745 297 1804 alicui
322 1753 457 1811 veterum
478 1746 605 1805 istorum
636 1743 797 1822 aliquando
820 1744 933 1823 aliquid
954 1746 991 1804 de
1013 1744 1106 1803 dubio
1131 1756 1253 1804 nostrae

152 1830 300 1907 orationis,
317 1838 440 1889 auctore
454 1831 626 1903 excideret,
650 1829 742 1888 ceteri
756 1839 873 1905 eutem,
896 1839 932 1888 ut
943 1828 990 1903 fit,
1012 1829 1063 1886 uel
1076 1830 1168 1889 verba
1185 1830 1253 1888 cius

150 1924 323 1994 repeterent
334 1913 384 1972 vel
398 1914 544 1974 iudicium
560 1935 680 1993 quoque
696 1933 782 1972 suum
794 1913 882 1977 illius
893 1913 1070 1973 auctoritate
1084 1914 1148 1974 salli
1161 1923 1255 1992 pate-

151 2001 272 2061 rentur!
316 1998 384 2057 Hoc
398 1998 491 2075 igitur
503 2008 534 2059 et
550 1999 676 2058 Libanio
693 1999 795 2078 potuit
812 1997 964 2072 accidere,
995 1998 1020 2056 si
1031 2008 1252 2079 praeoccupata

151 2084 261 2145 menda
275 2083 415 2164 opinione
431 2085 470 2144 td
484 2084 631 2144 iudicium
649 2082 687 2142 do
711 2081 770 2140 hec
790 2079 924 2142 aratione
945 2082 1103 2142 serendum
1124 2083 1256 2144 accede-

119 2177 209 2235 0ret.
240 2182 272 2213 ·'-
296 2168 651 2245 Ati-eliquieveteribus
670 2164 747 2241 diro,
772 2168 902 2246 quieam
927 2165 1116 2225 Demostheni
1135 2169 1257 2227 abiudi-

153 2262 241 2332 aaut,
268 2249 380 2312 Suidaa
396 2249 630 2334 etEtymoiogici
642 2250 755 2332 Magni
769 2268 889 2327 auctor,
910 2273 967 2311 uec
985 2251 1118 2310 rationes
1129 2253 1255 2326 addunt,

95 2412 99 2419 ν
135 2344 210 2399 'nac
225 2356 313 2397 suum
332 2336 490 2410 iudicium,
512 2337 565 2411 sed
582 2337 709 2399 eliorum
722 2337 815 2396 verbe
831 2346 998 2415 sequuntur
1014 2335 1058 2410 ⁴).
1080 2336 1163 2395 idem
1176 2348 1206 2397 et
1218 2338 1255 2395 iis

153 2421 284 2496 accidit,
321 2420 373 2499 qui
386 2421 547 2482 recentiori
565 2430 702 2501 tempore
723 2420 891 2499 opinionem
910 2421 995 2480 illuns
1018 2430 1089 2480 sunt
1113 2422 1255 2501 amplexi,

154 2507 219 2568 aive
239 2526 308 2566 cum
328 2505 516 2566 dubitatione
531 2507 650 2584 eliqua,
671 2514 710 2568 ut
726 2507 808 2567 Hier.
831 2503 956 2587 Wolfius
969 2516 999 2565 et
1015 2504 1163 2580 Valesius,
1194 2508 1258 2566 sive

155 2591 340 2653 confidenter
358 2599 448 2669 etque
464 2591 626 2663 audacter,
647 2599 683 2649 ut
703 2587 817 2650 Faber:
840 2607 967 2666 quorum
987 2610 1073 2651 nemo
1091 2592 1257 2671 quidquam

155 2677 275 2749 attulit,
296 2694 358 2753 quo
382 2679 559 2736 sententiam
574 2694 657 2734 suam
676 2674 886 2753 comprobaret
906 2671 945 2756 ⁵).
1145 2666 1156 2695 ⁸

239 2759 299 2820 Alii
315 2762 491 2843 complurus
507 2759 743 2821 conuoversiem
756 2757 836 2816 harrc
850 2770 1101 2838 aornmemorant,
1123 2760 1181 2840 ipsi
1205 2762 1258 2819 ni-

154 2845 199 2922 hil
219 2840 377 2905 affirmant
431 2845 478 2909 Itu
503 2847 582 2910 iuter
604 2854 723 2907 veteres
742 2847 968 2926 Harpocration
994 2845 1044 2926 ⁶),
1082 2846 1135 2925 qui
1158 2856 1257 2906 tamen
1302 2850 1306 2855 ’

208 3064 237 3135 ³)
255 3063 400 3128 Libanius,
433 3072 591 3133 argument
616 3080 657 3117 or.
676 3062 710 3116 de
728 3061 789 3117 Hal.
809 3061 1117 3130 (Demosth.ed.1t.p.
1136 3063 1169 3115 7⁵
1192 3065 1261 3128 sq.):

260 3129 277 3189 ὁ
295 3131 325 3188 di
339 3131 420 3200 λόγος
435 3130 470 3188 ori
485 3135 565 3188 δοκεῖ
578 3152 628 3201 μοι
647 3131 849 3202 Δημοσθένους
868 3129 940 3186 εἶναι
960 3140 1014 3187 etc.
1034 3139 1062 3183 et
1079 3129 1162 3200 paulo
1181 3139 1259 3195 post:

260 3198 446 3256 ὑπώπτευσαν
461 3199 493 3257 di
508 3203 555 3256 stoi
568 3203 597 3257 oi
611 3199 791 3274 πρεσβύτεροι
804 3197 855 3255 τὸν
868 3198 953 3268 λόγον
964 3196 1003 3263 ὥς
1018 3195 1051 3254 oi
1065 3200 1116 3252 susi
1133 3195 1260 3264 ῥήτορος,

258 3272 305 3326 uui
329 3269 561 3397 aprlpaodraaizpi
574 3290 647 3335 cauea
662 3266 909 3340 tusu‘ttynctnnou
928 3278 982 3324 etc.
1000 3285 1027 3322 v.
1044 3268 1119 3320 infra
1137 3275 1196 3318 not.
1217 3271 1274 3334 19(

261 3348 320 3392 not.
389 3349 417 3392 et
434 3350 493 3392 nat.
547 3378 574 3394 ..
1117 3374 1121 3381 -

209 3408 239 3478 4)
257 3405 368 3460 suidas:
391 3404 622 3478 Ἡγήσιππος.
647 3399 730 3471 οὗτος
760 3407 833 3464 ἐστιν
863 3402 1052 3475 o-Kooiduioc
1081 3400 1262 3471 incuriosius-

262 3496 328 3544 νος,
360 3470 395 3531 οὖ
419 3481 499 3533 douai
517 3475 589 3533 situs
611 3473 626 3533 ὁ
648 3476 669 3543 ζ’
685 3476 864 3541 detruncatis,
884 3473 1060 3565 Appoeds'uet
1078 3471 1263 3542 ἐπιγραφόμε-

263 3566 321 3608 νος.
338 3576 373 3586 -
396 3545 606 3616 Etymoiogr'rurn
624 3551 723 3605 Mora.
742 3549 794 3599 snb
815 3546 902 3597 verbo
927 3549 1141 3615 Ηγησιππος
1165 3544 1264 3595 cadem

262 3615 356 3668 hehet.
393 3617 523 3685 Utrique,
550 3630 606 3667 uno
631 3616 749 3669 verbrdo
775 3614 921 3686 neglecto,
957 3616 1196 3685 Harpocrationern
1219 3631 1264 3664 ex-

263 3685 451 3751 scripserunt,
469 3683 504 3735 de
523 3701 579 3754 quo
597 3684 652 3737 vid.
671 3693 729 3737 not.
747 3688 773 3745 6.
1012 3688 1021 3699 '

212 3756 240 3820 ὅ)
258 3755 333 3805 Hier.
352 3753 470 3805 Wolfius
488 3752 523 3804 ad
542 3757 587 3825 Qr.
606 3752 640 3804 de
659 3755 720 3806 Hal.
738 3772 765 3823 p.
784 3751 834 3820 84,
852 3752 872 3805 l.
893 3757 925 3808 10
944 3752 999 3817 (ed.
1017 3753 1078 3818 R.):
1097 3741 1138 3816 „ii
1157 3768 1186 3801 as
1205 3747 1263 3802 int-

265 3825 375 3877 erritae.
400 3824 429 3876 F.
446 3816 510 3888 ἆγε,
545 3823 597 3873 nisi
617 3823 692 3874 forte
716 3823 751 3874 sit
774 3821 922 3892 Hegesippi
945 3821 1100 3872 idiotismus
1122 3818 1265 3871 inculcare

263 3889 297 3946 ad
313 3889 378 3945 ts'“i
397 3920 431 3929 -
449 3890 572 3943 Valesius
591 3891 626 3941 ud
645 3895 809 3960 Harpocrat.
828 3892 880 3942 sub
897 3909 923 3941 v.
943 3889 1059 3958 ἔμμηνοι
1077 3888 1169 3941 δίκαιε
1189 3891 1266 3952 „De⁴

267 3956 442 4024 mosthenes‚
468 3977 517 4011 seu
532 3960 625 4030 potins
643 3960 761 4030 Hegesip
781 3977 829 4026 us,
856 3957 887 4014 iu
903 3961 942 4012 roi
958 3958 1021 4024 sosoi
1034 3952 1212 4024 ‘Aiovrjauo“.
1231 3986 1266 3997 -

265 4029 355 4082 Faber
369 4027 404 4078 ad
412 4030 528 4099 Longin·
542 4048 568 4098 p.
583 4032 634 4083 202
642 4029 696 4094 (ed.
713 3977 811 4094 Talin:
830 4011 1040 4097 „praecitatum
1054 4027 1140 4077 verbo
1155 4025 1263 4088 dixisse,

267 4098 424 4150 orationem
442 4097 521 4149 illem
534 4095 725 4149 Demosthenis
736 4113 794 4147 non
810 4112 884 4160 esse;
902 4095 1051 4166 Hegesippi
1063 4104 1112 4146 est.
1149 4094 1180 4145 Id
1196 4093 1266 4145 uidit

270 4175 335 4217 ante
352 4182 399 4217 me
411 4165 544 4232 Woltins,
564 4181 615 4250 ega
634 4165 701 4216 olias
719 4165 875 4233 probeb0.“
911 4169 945 4230 At
959 4181 1017 4217 non
1034 4165 1170 4234 probarit.

215 4235 245 4303 6)
263 4235 483 4303 Harpocration:
515 4231 747 4303 Ἡγησιππος.
775 4226 859 4299 οὗτός
877 4231 950 4288 ἐστιν
968 4244 1038 4299 eta,
1064 4242 1096 4285 ut
1114 4232 1188 4302 apud
1205 4232 1265 4282 Sui-

266 4301 349 4367 dsm,
375 4304 427 4354 nisi
448 4303 524 4371 qarod
543 4306 679 4373 Harpocr.
698 4300 779 4357 dicit:
805 4293 840 4358 asi
862 4305 941 4360 δοκεῖ
956 4322 1052 4360 τισιν
1069 4299 1142 4359 sirau
1159 4310 1213 4353 etc.
1232 4328 1267 4339 -
