2768 4724
439 216 500 280 su
522 216 902 309 snuornrrones.
1100 210 1104 217 '
1153 223 1217 287 aas

117 410 192 455 esse.
232 389 353 466 ‘Nobis,
382 389 433 471 qui
453 391 614 453 Carterotis
632 391 804 452 Gramilliia
823 386 973 469 caremus,
1009 392 1162 454 sumtuum
1183 390 1217 453 in
1269 436 1273 443 .
1360 412 1365 419 ·

116 486 205 557 typos
224 485 257 539 et
270 476 389 555 chariss
407 477 494 556 largis
511 476 709 553 administris,
733 498 793 538 uon
806 477 878 537 licet
891 486 953 538 tans
971 460 1060 538 lelna
1075 487 1104 538 et
1117 479 1217 536 otian-

85 554 97 570 “
116 562 196 621 ubas
216 559 313 620 libros
331 569 451 636 nostros
470 561 572 636 edere,
595 562 680 622 sede
699 581 833 642 paupere
851 562 966 642 peculio
981 572 1084 624 nostro
1098 570 1216 622 sumtus

117 645 175 727 ipsi
193 654 351 723 erogantes
376 664 497 706 necesse
524 644 669 705 babemus
694 647 863 706 accelerare
892 654 923 705 et
939 665 1044 724 urgere
1068 647 1216 725 cariusque

116 729 277 789 voluminis
297 730 505 805 exeusionem,
533 738 564 789 ct
585 728 704 790 chartas
724 731 881 791 confestim
904 749 972 789 aere
986 741 1110 793 mutare.
1153 728 1216 789 Sed

115 814 147 873 in
162 814 359 895 vistedeo.
401 815 436 873 ln
454 825 515 873 tans
527 813 650 873 immani
664 816 749 895 sylva
769 816 932 875 lectionum
947 814 1037 874 facile
1049 815 1131 874 factu
1145 815 1214 891 fuit,

114 916 212 978 neque
233 897 324 958 debet
340 897 447 959 mirem
470 898 608 977 cuiquam
630 898 743 975 videri,
764 908 801 959 ut
821 919 839 957 a
858 919 906 958 me
920 899 1049 958 subinde
1066 909 1215 959 erraretur

115 982 292 1043 laedendis
314 1001 369 1042 eeu
391 983 562 1042 nominibus
586 983 739 1059 codicum,
770 1002 845 1063 quos
868 983 946 1058 cito,
974 984 1149 1063 praesertim
1167 982 1214 1061 iis,

116 1087 192 1147 quos
208 1067 275 1147 ipse
288 1086 350 1135 nou
363 1067 437 1143 vidi,
458 1077 494 1127 nt
512 1087 536 1129 e.
554 1086 581 1128 c.
594 1068 796 1148 llarleyanum
811 1088 867 1149 pro
882 1067 1106 1143 llarrisoniano,
1124 1086 1216 1147 quana

116 1153 237 1231 culpam
251 1160 288 1209 ut
301 1152 426 1210 alienam
439 1172 499 1211 non
513 1162 642 1230 praesto,
657 1173 725 1212 curn
733 1154 879 1232 Taylorus
893 1153 1002 1232 ipsein
1019 1150 1139 1223 sclredis
1151 1172 1214 1213 aon

116 1236 189 1296 satis
210 1234 368 1314 diligenter
388 1236 445 1294 ista
471 1235 672 1314 distinxisset,
709 1246 761 1297 aut
786 1238 819 1296 in
841 1238 972 1297 inumeris
994 1236 1151 1311 codicum,
1179 1244 1216 1297 ut

116 1320 254 1400 quintum
266 1340 325 1399 pro
338 1329 423 1379 sexto
433 1341 460 1381 e.
469 1341 494 1380 c.
506 1321 662 1400 appellem.
686 1320 771 1394 Quae
784 1322 872 1400 culpa
884 1322 1023 1402 protecto
1032 1342 1112 1380 noxa
1121 1329 1212 1381 caret.
1257 1382 1269 1397 ,

115 1405 235 1479 Quotus
257 1404 336 1464 enim
360 1412 408 1464 est
426 1406 571 1483 quisque,
609 1405 659 1466 cni
679 1407 768 1465 liceat
788 1406 863 1466 istos
883 1405 1002 1466 codices
1024 1406 1106 1466 adire
1123 1418 1215 1486 atqua

114 1487 280 1549 evolvere?
318 1488 386 1547 Non
409 1489 521 1568 ubique
545 1510 562 1548 a
586 1510 635 1549 me
657 1499 830 1550 annotemus
862 1510 943 1565 esse,
971 1489 1025 1548 ubi
1047 1487 1128 1566 ἅπας
1153 1511 1214 1571 pro

112 1579 193 1648 πᾶς,
214 1581 268 1631 sut
279 1571 374 1633 simile
390 1573 477 1651 quid,
494 1583 546 1632 aut
560 1575 708 1635 vocabula
724 1574 904 1654 transposita
918 1575 1112 1652 reperissem,
1123 1588 1213 1657 spero
1324 1642 1328 1647 ,

112 1657 236 1718 landem
259 1657 362 1737 potius
382 1658 592 1735 inventurum,
627 1680 718 1740 quam
740 1660 773 1719 in
793 1658 900 1718 vitium
921 1659 1111 1719 incursurum
1138 1679 1213 1720 essa.

112 1743 208 1804 eccui
222 1741 301 1802 enim
314 1742 471 1821 prodesset
491 1751 553 1802 tem
564 1743 694 1821 infinita,
711 1752 774 1804 tans
789 1742 1007 1820 ineluctabilis,
1029 1752 1089 1802 tarn
1105 1741 1214 1823 putida

112 1836 145 1888 et
162 1828 290 1886 molesta
311 1835 485 1906 etprorsus
509 1828 591 1888 omni
610 1848 671 1888 usu
699 1849 782 1903 cassa
806 1827 982 1906 diligentia?
1018 1827 1214 1892 Eccuirenim

112 1921 186 1970 sunt
205 1909 298 1970 hodie
320 1930 406 1972 aures
420 1904 486 1972 tani
498 1921 621 1988 teretes,
641 1922 703 1989 tam
718 1913 858 1988 subtiles,
879 1922 942 1972 tam
956 1931 1015 1970 usu
1028 1913 1123 1972 multo
1138 1906 1214 1971 subss

112 2005 197 2056 actae
217 2004 250 2056 et
270 2005 394 2071 acutae,
419 1997 574 2056 utstatim
596 1997 746 2057 delectum
767 1998 944 2070 verborum,
967 2006 1214 2056 conanucmmre

114 2079 199 2139 bunc
217 2079 335 2154 minus,
362 2081 445 2140 illum
467 2081 573 2141 melius
591 2102 659 2140 cum
677 2083 831 2143 Atticismo
856 2080 1015 2139 'convenire
1034 2078 1214 2159 dignoscat?

113 2163 155 2223 Et
167 2165 193 2222 si
204 2162 361 2242 dignoscat
383 2185 522 2245 quoque,
543 2166 617 2246 quid
635 2167 668 2227 id
688 2169 817 2227 multum
834 2165 872 2225 ad
886 2165 1058 2225 felicitatem
1080 2176 1214 2225 nostram

112 2248 225 2308 saciati
250 2250 365 2309 Eamne
378 2269 431 2328 ego
446 2250 569 2327 dignum
582 2261 664 2311 tants
679 2274 745 2312 mea
764 2250 856 2331 opeira
873 2249 1019 2324 iudicem,
1042 2268 1129 2328 quem
1142 2249 1213 2307 uni'-

111 2353 234 2395 versmn
251 2333 340 2394 flocci
358 2354 418 2394 non
440 2335 536 2410 facio,
560 2337 792 2398 commentitirun
813 2334 961 2415 quendam
981 2330 1102 2394 suavem
1118 2343 1150 2417 et
1163 2353 1214 2392 ar·

107 2427 251 2498 *gauleum
262 2421 403 2477 tinnitum
413 2417 570 2479 Atticen?

174 2501 255 2561 Vitio
273 2501 334 2561 hoc
355 2523 477 2582 quoque
497 2503 570 2562 mihi
590 2503 673 2563 baud
693 2506 784 2584 pauci
801 2514 935 2579 vertent,
966 2503 1049 2584 quod
1067 2503 1212 2564 lectiones

111 2587 364 2665 auctoritatesque
379 2587 535 2666 al'ayloro
550 2590 609 2648 iam
621 2591 730 2650 relatas
744 2610 850 2650 rursus
864 2590 1028 2663 retulerim,
1049 2599 1114 2648 tum
1127 2584 1212 2668 quod

110 2671 300 2732 coniectraras
315 2671 428 2747 Wolfii,
450 2672 634 2748 Marklandi,
656 2675 793 2753 Taylori:
820 2680 863 2735 sic
885 2675 988 2735 eadem
1003 2675 1051 2734 bis
1063 2684 1110 2733 ter
1123 2674 1211 2732 reco-¹

111 2765 163 2815 cta
183 2756 298 2834 reponi.
349 2755 461 2815 Verum
486 2757 651 2818 lectionum
669 2760 792 2838 Taylori
815 2780 921 2837 magna
946 2779 1017 2836 pers
1041 2779 1057 2816 e
1077 2758 1212 2816 Parisino

112 2859 168 2899 seu
180 2839 334 2900 blorellina
349 2841 480 2917 editione
491 2841 649 2919 depromta
664 2852 745 2917 erat,
767 2863 857 2920 quam
871 2851 965 2900 totam
981 2841 1031 2899 hic
1052 2840 1178 2898 reddere
1194 2861 1212 2897 a

109 2924 261 3005 principio
277 2925 377 2984 statim
400 2925 601 2984 decreveram.
636 2924 725 2997 Quod
746 2928 770 2984 si
786 2924 1002 3004 crgo-Tayloro
1019 2921 1149 2980 dedecus
1165 2930 1212 2981 est

108 3008 273 3083 lectiones,
296 3029 373 3088 quae
386 3009 473 3069 facile
487 3032 505 3069 a
520 3010 626 3089 quovis
641 3010 726 3068 illisae
744 3012 808 3090 peti
820 3008 1006 3089 potuissent,
1027 3004 1111 3064 haud
1124 3005 1213 3064 defu·-¹

108 3093 189 3170 giam
206 3093 467 3173 reprehensionem
482 3115 590 3175 operae
604 3095 755 3154 incassum
772 3094 803 3153 in
821 3114 856 3154 eo
870 3102 1013 3169 navatae,
1036 3090 1118 3170 quod
1130 3091 1212 3169 Tay·

108 3178 230 3237 loranas
244 3178 388 3238 lectiones
402 3198 470 3237 cnm
482 3179 554 3239 meis
571 3180 794 3253 coniunxerim,
817 3200 878 3258 quo
889 3178 946 3237 sub
959 3198 1020 3237 uno
1035 3185 1210 3254 conspectu,

107 3262 248 3329 velutin
267 3262 354 3322 brevi
373 3262 492 3338 tabula,
528 3284 628 3324 coram
648 3264 752 3323 'oculis
775 3262 902 3324 haberet
920 3263 1032 3336 lector,
1064 3260 1211 3340 quicquid

110 3347 178 3426 opis
191 3347 231 3407 ad
243 3346 471 3426 intelligendum
481 3347 688 3408 Demosthenis
710 3368 859 3427 quemque
879 3350 980 3407 locum
997 3366 1050 3406 seu
1063 3344 1211 3404 libroruin

107 3430 184 3490 fides
215 3451 271 3491 seu
302 3431 461 3492 doctorum
493 3434 629 3493 vironun
660 3432 778 3510 ingenia
805 3440 1000 3512 praestarent.
1050 3429 1211 3489 Chartulae

110 3513 226 3574 iactura
237 3536 313 3594 quos
325 3517 424 3576 acrius
437 3528 523 3593 uret,
546 3538 635 3597 quam
650 3517 725 3577 alios
738 3517 870 3577 studium
881 3537 979 3577 meum
990 3514 1211 3577 commoditatis

109 3617 183 3657 suae
198 3600 373 3675 delectabit,
394 3622 490 3681 aequo
504 3604 602 3662 aninro
615 3604 709 3663 suam
720 3600 778 3660 hos
796 3600 834 3661 de
854 3622 902 3663 uae
923 3611 1091 3682 querentes.
1135 3601 1210 3658 Per-

108 3683 213 3743 multis
228 3687 260 3743 in
273 3686 348 3745 locis
361 3706 445 3749 meos
459 3708 478 3744 a
491 3686 649 3747 Morallina
661 3687 808 3747 discessus
821 3686 853 3746 in
866 3685 1116 3756 annotationibus,
1137 3684 1210 3741 item
1235 3696 1239 3705 ’
1314 3728 1318 3733 .

108 3767 141 3827 in
163 3767 367 3846 variantibus,
389 3769 523 3831 indicare
537 3792 592 3831 seu
611 3773 735 3851 insuper
748 3769 856 3847 habui,
880 3791 934 3831 seu
948 3772 1060 3830 oblitus
1075 3768 1128 3826 sui.
1151 3764 1211 3824 Sed
1323 3817 1330 3828 .

106 3854 246 3932 profecto
260 3864 323 3915 tam
335 3853 449 3914 minuta
470 3855 527 3917 ists
540 3867 642 3932 erant,
664 3867 701 3916 ut
714 3857 773 3914 ista
787 3867 930 3918 annotare
945 3851 1119 3914 tantundem
1133 3850 1209 3909 suis-

108 3946 174 4010 set,
194 3948 284 4018 atqua
299 3939 456 4000 stadtitiam
470 3960 555 4002 susm
573 3961 624 4002 ore
637 3961 691 4001 suo
704 3941 894 4019 praedicare,
916 3937 1096 4015 testarique,
1119 3954 1211 4015 quam

107 4041 219 4101 parum
231 4023 307 4083 scias
326 4028 387 4083 otio
403 4025 553 4104 sapienter
565 4027 627 4101 uti,
650 4047 710 4106 quo
721 4045 830 4086 vereor
844 4046 881 4086 ne
893 4024 981 4084 nimis
992 4019 1093 4079 multis
1105 4019 1210 4083 videar

106 4106 158 4166 vel
176 4106 220 4165 aio
235 4109 275 4167 ad
298 4108 425 4189 ineptias
447 4110 557 4170 abusus
582 4131 655 4171 esse.
700 4109 794 4186 Aliis,
817 4113 842 4170 si
859 4128 945 4169 secus
960 4104 1112 4180 fecissem,
1133 4125 1210 4185 pro-

107 4192 164 4251 cul
178 4190 271 4251 dubio
295 4193 376 4254 nisus
400 4195 522 4257 fuissem
539 4195 709 4275 diligentiae
734 4215 815 4257 mese
829 4194 1022 4257 acerbitatem
1036 4190 1144 4273 putide
1163 4189 1210 4248 ia·
1311 4188 1313 4193 ’

106 4285 221 4338 etatum
234 4280 303 4338 isse.
