2768 4724
394 235 466 310 ao
501 234 928 311 nnnosrnnnnss.
1157 251 1218 319 ss.
1267 200 1276 207 ’

82 407 149 468 ‘cis
171 404 353 489 adscripsit,
374 406 490 470 additis
506 409 596 484 etiam
617 407 758 489 scholiis,
786 432 863 494 quse
886 434 952 479 non·
965 415 1083 497 ingma
1102 422 1225 499 neque·

17 525 36 543 ⁹
100 508 223 570 inutilia
244 516 308 586 soie
329 510 482 594 patinuos
499 513 573 577 tore·
585 533 688 595 sparo.
731 513 795 588 Qui
814 534 875 577 uua
896 536 1017 581 mausum
1036 528 1102 581 tam
1120 519 1204 587 illius

101 611 285 690 indumine,
323 633 414 694 quam
441 608 796 701 v'astrasbeuefioeutiae
820 637 855 679 se
884 618 990 682 debere
1016 620 1203 683 fatebuntur.

102 712 252 775 Erat-hic
272 714 388 796 aliquid
410 716 572 779 dicendum
597 718 637 780 de
656 717 797 779 laudibus
809 719 1033 799 Demosthenis,
1052 724 1112 785 uisi
1131 725 1205 784 iset

102 816 173 896 ipse
187 816 298 878 leotari
315 820 364 879 sui
379 820 517 881 studioso
538 821 659 883 abunde
677 842 709 884 se
723 820 964 899 commendaret,
986 832 1018 884 et
1031 823 1063 885 in
1079 834 1205 905 promtu

102 929 207 979 esseut
226 920 380 991 Ciceronis
398 932 429 984 et
442 908 570 984 alierum
592 924 632 984 de
656 925 713 985 illo
734 922 849 1001 elogia,
871 933 904 985 at
925 944 1022 985 meam
1046 925 1205 991 infantiam

101 1021 166 1080 viri
178 1022 414 1101 eloquentissimi
428 1034 460 1085 et
472 1024 660 1086 oelebearimi
674 1025 794 1085 claritas
808 1024 994 1105 repudiaret.
1027 1028 1137 1089 'Unum
1147 1027 1206 1107 igi-
1219 1028 1222 1033 ’

102 1131 160 1182 tur
177 1121 238 1183 hoo
263 1134 418 1206 superest,
448 1126 623 1207 amplissimi
642 1128 718 1205 viri,
745 1125 859 1188 domini
879 1136 911 1188 et
930 1128 1056 1208 patroni
1078 1129 1206 1209 colendi,-

101 1242 162 1284 vos
178 1234 214 1285 ut
228 1246 320 1304 orem,
339 1236 577 1309 utpostrsmnm
587 1228 648 1289 hoc
659 1250 737 1310 opus
749 1248 858 1307 meum,
879 1229 963 1309 quod
978 1228 1124 1313 epitaphii
1135 1233 1208 1292 looo
1273 1242 1276 1251 '

102 1326 183 1388 mihi
193 1349 258 1392 esse
270 1329 359 1407 volo,
380 1329 463 1413 (nam
479 1331 577 1412 siqua
599 1332 679 1401 sorte
694 1331 752 1391 slis
767 1341 869 1391 secuta
880 1330 1009 1409 fuerint,
1032 1354 1068 1394 ea
1082 1334 1160 1394 nihil
1166 1333 1208 1395 ad

103 1427 169 1489 hoo
188 1450 253 1492 esse
273 1430 469 1515 videbuntur)
491 1434 560 1515 pan'
579 1429 765 1494 humanitate
785 1433 923 1512 aooipere
946 1433 1121 1514 dignemini,
1144 1457 1214 1517 qua.
1325 1456 1328 1461 ·

104 1534 338 1622 commentarios
362 1554 446 1595 meos
479 1535 740 1596 Ciceronisnormn
766 1521 956 1610 libellorum,
992 1556 1068 1595 anno
1096 1536 1207 1598 abhino

106 1636 255 1714 septimo,
275 1637 610 1699 restrueBibliothecae
629 1637 789 1717 splendore
801 1656 865 1695 non
877 1636 1016 1715 indiguos
1030 1637 1202 1702 indicastis:
1302 1669 1308 1677 ·

106 1756 217 1816 ineque
237 1739 408 1799 ministrum
431 1749 565 1801 vestrum
587 1749 618 1799 et
631 1741 769 1800 clientem
785 1739 1081 1799 observantissimum
1097 1738 1211 1820 (ingra-
1247 1793 1255 1805 .

108 1849 252 1909 vescente
270 1851 383 1919 aetate,
413 1852 444 1905 et
455 1841 647 1917 valetudine,
667 1850 704 1900 ut
718 1842 812 1917 solet,
840 1842 967 1902 subinde
985 1842 1158 1903 tabescente
1179 1855 1213 1904 et
1340 1858 1343 1863 '

106 1951 218 2001 ruente
230 1941 261 2001 in
275 1943 421 2026 deterius)
433 1945 673 2006 commendatum
694 1941 805 2002 habere
818 1943 965 2021 pergatis:
988 1945 1025 2004 ab
1041 1964 1137 2023 eoque
1151 1944 1213 2009 nei

109 2043 292 2105 defendendi
304 2049 492 2126 ornandique
505 2048 606 2107 studio
622 2066 679 2106 nec
695 2056 748 2104 aut
758 2045 931 2105 invidorum
947 2046 1112 2121 calumniis,
1125 2042 1214 2127 (quas

112 2146 182 2225 quis
196 2165 330 2227 uuquam
347 2169 452 2210 cavere
463 2146 608 2231 potuitl)
638 2156 692 2206 aut
702 2146 910 2226 imperitorum
923 2146 1076 2215 hominurn
1092 2149 1213 2234 ineptiis

112 2245 202 2328 (quas
221 2271 239 2308 a
257 2251 404 2329 gravitate
428 2262 458 2312 et
477 2249 623 2333 sapientia
643 2259 745 2309 vestra
765 2248 876 2326 negligi
899 2256 930 2309 et
955 2248 1109 2329 repudiari
1130 2259 1214 2310 oerto

111 2350 190 2433 scio)
210 2353 428 2414 deterreamini.
475 2353 542 2413 Etsi
562 2352 639 2412 enim
661 2350 744 2430 apud
764 2350 925 2411 nonnullos
947 2349 1119 2430 praeseutia
1136 2371 1212 2426 mea,
1330 2402 1334 2409 .

111 2466 145 2515 et
156 2455 348 2535 simplicitas,
370 2464 459 2534 atque
475 2455 512 2515 ab
528 2453 726 2514 ostentatione
739 2462 771 2514 et
786 2473 897 2533 pompa
908 2450 1073 2512 abhorrens
1087 2453 1214 2534 manus,

111 2559 237 2637 vitaque
260 2559 395 2618 solitaria
414 2558 555 2616 minuunt
573 2556 698 2615 famam:
729 2565 830 2615 tamen
851 2574 909 2614 neo
933 2564 1055 2615 exterae
1076 2555 1213 2615 nationes

112 2637 256 2719 Wolhum
269 2661 424 2738 ignorant,
445 2668 480 2719 et.
488 2663 601 2738 posteri
616 2657 731 2732 scient,
755 2665 785 2716 et
804 2656 933 2716 studiosi
948 2657 1091 2728 iuvenes,
1114 2654 1216 2714 docti-

113 2782 176 2841 que
192 2762 327 2823 homines
348 2771 479 2823 vestram
498 2763 532 2821 in
553 2781 601 2820 me
616 2759 826 2819 liberalitatem
840 2778 876 2816 ac
890 2756 1117 2816 beneficentiam
1133 2756 1216 2815 cele-

113 2863 256 2922 brabunt
298 2865 366 2938 Quo
387 2864 486 2923 minus
505 2873 605 2923 autem
625 2879 735 2919 munus
759 2858 820 2916 hoc
840 2877 940 2915 meum
963 2856 999 2911 ab
1021 2855 1216 2951 amplitudine

112 2973 219 3024 vestra
244 2966 436 3046 repudiatum
464 2964 502 3024 iri
529 2972 682 3043 putarem,
718 2979 787 3037 eum
813 2965 912 3017 vestra
938 2951 1107 3012 humanitas
1133 2954 1218 3031 lacit,

113 3069 151 3126 l).
169 3069 263 3128 Panlo
284 3077 405 3142 autore,
432 3074 516 3125 tauta
533 3065 648 3140 virtus,
676 3072 796 3133 nteam
816 3060 848 3119 iu
869 3059 931 3117 Deo
954 3055 1025 3136 Opt.
1043 3053 1123 3113 Max.
1147 3073 1219 3115 cum

112 3169 222 3250 primis
240 3171 382 3242 celebret,
402 3177 469 3226 tum
481 3168 664 3246 collegarum
680 3173 857 3236 vestrorum,
869 3159 968 3217 ,Dl)l).
980 3154 1124 3216 Matthaei
1138 3157 1219 3219 Wal.
1305 3210 1315 3233 x

115 3273 195 3349 seri,
224 3274 267 3332 10.
288 3271 442 3352 Baptistae
463 3268 627 3345 Hainzelii,
658 3267 701 3327 Io.
716 3252 860 3325 Matthaei
875 3259 1031 3336 sumlui,
1063 3260 1220 3321 ornatissi-

114 3363 235 3435 snornm
255 3373 406 3450 vironsm,
429 3392 526 3451 neque
540 3394 558 3431 a
572 3370 664 3430 Musis
687 3378 718 3429 et
734 3365 846 3434 Gratiis
866 3362 1109 3438 abhorrentium,
1130 3371 1220 3423 auto-
1247 3435 1249 3439 ι

116 3477 209 3552 ritas,
232 3475 410 3556 consiliique
420 3475 481 3535 mei
497 3471 710 3553 comprobatio.
755 3469 874 3542 Valets,
895 3465 1017 3545 publice
1031 3473 1062 3524 et
1077 3465 1221 3545 privatim
1250 3498 1253 3502 ·

119 3580 295 3655 issoolnmes,
318 3599 354 3641 ao
367 3586 516 3659 perpetuo
528 3578 677 3638 florentes.
709 3572 757 3632 Ex
770 3577 896 3648 sufflata
915 3575 1017 3628 vestra
1030 3566 1116 3642 urbe,
1129 3585 1220 3644 quam

117 3682 309 3743 Ptolemaeus
327 3681 533 3755 vindelicam,
564 3677 721 3738 Rheticam
748 3673 800 3734 alii
823 3670 988 3748 Augustam
1016 3667 1077 3727 dici
1104 3667 1220 3727 volunt
1282 3692 1284 3699 ·

20 3768 27 3781 ⁸
117 3785 225 3845 Idibus
239 3784 383 3863 Augsssti,
403 3781 496 3845 natali
508 3799 587 3842 meo.
628 3780 715 3843 anuo
733 3775 889 3864 restitutae
906 3772 1038 3834 humano
1057 3766 1159 3848 generi
1171 3786 1223 3826 sa·

118 3888 194 3948 lutis
215 3908 250 3948 ss.
271 3906 301 3947 n.
322 3907 393 3948 axx.

561 4074 781 4092 W
