2768 4724
153 123 195 273 ss
482 196 889 297 enarrarroass

230 359 766 446 HIERONYMUS
809 372 1222 452 motetus·

360 512 395 570 n.
418 507 662 569 aoeovrco
690 508 872 569 cantro
895 512 924 570 s.
945 514 979 576 r.
1001 514 1035 578 n.

217 672 276 753 Tot
295 678 416 745 tamque
437 664 568 747 illustres
588 660 813 723 benevolentiae
838 664 995 749 singularis
1012 668 1044 727 in
1061 686 1108 728 mc
1121 677 1191 727 tuas
1204 669 1246 729 si-

154 770 366 854 gnificationes,
387 764 548 853 clarissime
559 763 616 839 vir,
638 763 712 823 mihi
723 764 907 842 gratiamne
925 779 1008 839 sunt:
1027 771 1245 851 consolationes

66 926 71 933 .
154 885 263 949 autem,
287 870 395 951 quibus
415 868 559 927 iacentem
580 884 680 924 meum
703 867 834 926 animum
858 868 971 948 erigere
994 873 1096 954 cupis,
1118 868 1171 937 διὰ
1190 872 1253 947 τὰς·

152 971 265 1057 συχνάς
277 969 400 1052 texos
414 965 664 1053 μινροψνχοτέρφ
675 972 732 1032 τοῦ
740 966 860 1043 δέοντος
871 973 1054 1054 γεγενημένῳ
1065 996 1143 1056 pens
1154 975 1246 1035 etiam

151 1076 346 1140 necessariae.
389 1070 518 1132 Tametsi
538 1068 616 1129 enim
633 1089 694 1129 non
713 1088 822 1149 parurn
837 1091 954 1150 vereor,
975 1096 1023 1152 ne,
1044 1076 1076 1136 in
1088 1077 1146 1137 hac
1159 1078 1245 1137 vale-

151 1183 266 1254 tudine,
287 1176 456 1256 praeclaras
479 1173 548 1232 illas
569 1191 637 1251 spes
657 1181 829 1250 exspectare
850 1193 898 1233 me
918 1175 980 1234 sata
1000 1164 1062 1238 non
1078 1180 1244 1259 patiantur,
1316 1190 1320 1197 '

151 1296 250 1346 tamen
269 1277 388 1339 interim
412 1293 504 1333 usura
526 1271 589 1331 siai
608 1271 682 1350 quid
699 1274 803 1331 vetati
826 1273 963 1337 Delectat
985 1280 1074 1341 ctiam
1087 1281 1244 1361 augurium

151 1383 279 1448 hominis
303 1400 364 1440 non
381 1376 472 1438 modo
495 1371 680 1448 amicissimi,
711 1373 765 1440 red
788 1374 952 1437 doctissimi
974 1381 1081 1459 etiam,
1104 1393 1135 1444 et
1152 1384 1243 1463 longo

150 1490 310 1550 multarum
325 1501 427 1544 rerum
436 1497 494 1537 usu
510 1474 672 1535 exercitati.
718 1473 817 1547 Quare
831 1477 920 1540 facile
936 1483 1045 1560 patior,
1066 1493 1097 1544 tc
1120 1486 1242 1566 prospi-

150 1611 220 1652 cere
239 1574 367 1665 aliquid,
396 1579 479 1659 qaod
502 1599 549 1637 me
574 1585 753 1655 praetereat.
801 1578 880 1640 Illud
906 1603 1028 1663 quoque
1045 1585 1146 1659 nescio
1168 1585 1242 1666 quid

149 1693 223 1755 honi
247 1687 351 1750 ominis
364 1683 474 1743 habere
493 1679 626 1753 videtur,
649 1678 733 1756 quod
751 1679 855 1741 literae
872 1687 1043 1760 tamlactae
1054 1687 1156 1748 Idibus
1170 1687 1242 1747 Au·-

150 1784 239 1874 gusti,
261 1788 354 1849 natali
371 1803 452 1857 meo,
474 1780 558 1861 (nam
579 1798 614 1839 eo
629 1779 696 1859 ipso
709 1779 758 1840 die
772 1786 823 1849 34.
836 1766 939 1847 aelatis
956 1769 1242 1870 annumecmplevi)
1275 1813 1276 1817 ¹

151 1897 238 1956 datae
255 1902 333 1951 sunt.
378 1883 469 1958 Quod
490 1891 588 1941 sutem
608 1902 656 1942 me
677 1880 842 1962 hominem,
867 1889 963 1950 literis
981 1891 1034 1949 vix
1051 1891 1242 1952 mediocriter

147 1997 312 2069 imbutum,
333 1992 411 2050 inter
432 1985 618 2046 doctissimos
640 2004 794 2062 numeras,
829 2009 864 2048 οο
885 1992 955 2070 plus
974 1990 1148 2051 humanitati
1169 2001 1241 2053 tuac

148 2098 253 2171 debeo,
276 2091 446 2173 quominus
463 2089 539 2148 istac
551 2087 724 2167 praeclarae
740 2088 830 2148 *dotes
844 2089 876 2149 in
896 2111 945 2153 me
958 2095 1162 2172 reperiuntur.
1204 2093 1240 2154 tn
1288 2154 1293 2161 ,

146 2195 346 2267 Demosthene
372 2201 471 2253 autem
492 2190 617 2268 legendo
640 2189 732 2249 nolim
753 2189 892 2268 equidem
904 2202 935 2253 ts
948 2192 1042 2253 bonas
1057 2193 1148 2254 horas
1164 2195 1241 2274 malo
1292 2262 1296 2269 ,

146 2300 282 2382 perdere.
332 2295 407 2369 Quis
424 2294 504 2354 enim
526 2299 572 2353 eat
594 2292 705 2370 graecis
725 2289 989 2372 literissmditus,
1017 2317 1091 2377 quas
1114 2308 1241 2367 tuente

147 2422 195 2461 nae
209 2409 312 2461 natum
326 2396 432 2476 opinor
444 2393 641 2475 perdidicisti,
664 2393 712 2451 cui
726 2413 788 2452 non
802 2415 904 2455 omnes
921 2400 1053 2460 omnium
1068 2401 1241 2462 conversic-

144 2523 199 2562 nes
213 2499 375 2561 sordeant?
383 2499 444 2575 Ego
454 2515 533 2570 sane,
542 2493 594 2572 qui
606 2513 653 2552 me
663 2503 738 2574 puto
746 2517 807 2556 non
817 2499 949 2561 omnium
956 2521 1019 2562 esse
1031 2505 1079 2563 vel
1087 2505 1241 2579 detuns-

145 2605 263 2678 simnm,
271 2602 322 2662 vel
331 2599 575 2671 morosissimam,
588 2597 715 2674 ingenue
727 2598 834 2675 fateor,
847 2603 995 2663 neminem
1008 2604 1116 2679 adhuc,
1134 2623 1239 2664 eorum

145 2705 236 2766 etiam
247 2705 455 2784 interpretum,
463 2700 516 2781 qui
530 2719 561 2759 sc
575 2718 730 2777 germanos
745 2699 906 2772 Cicerones
919 2722 983 2762 esse
995 2715 1110 2782 putant,
1119 2706 1153 2766 id
1164 2726 1238 2765 arne
1263 2712 1267 2719 '

144 2805 465 2888 impetrare-pontiam,
487 2811 530 2877 ut,
552 2800 671 2860 tametsi
683 2799 816 2859 onmium
831 2802 1012 2885 Graecorum
1026 2806 1138 2887 scripta
1150 2807 1238 2866 nobis
1255 2854 1268 2873 .,

145 2910 262 2984 eodem,
286 2908 447 2970 autetiam
461 2902 584 2964 meliore
601 2921 708 2980 genere
726 2901 867 2964 orationis
886 2907 1092 2986 loquerentur,
1113 2926 1240 2986 graecam
1318 2888 1323 2897 ⁸

143 3012 263 3088 linguas
283 3010 481 3087 cognitionem
506 3003 719 3084 supervacanei
744 3003 858 3064 laboris
882 3027 946 3067 esso
971 3009 1142 3068 iudicarem.
1194 3009 1238 3067 Dc

144 3112 218 3171 meis
233 3106 639 3189 auteminteapretationibns
651 3103 725 3182 quid
739 3124 793 3182 ego
803 3106 938 3183 sentiam,
953 3108 986 3167 in
998 3109 1237 3188 praefationibus

141 3221 269 3273 testatus
298 3232 373 3271 sam.
420 3210 526 3290 Itaque
553 3208 579 3267 si
604 3206 788 3284 praeclaram
813 3206 900 3265 istam
925 3207 973 3279 de,
990 3230 1039 3269 mc
1065 3212 1236 3291 opinionem
1319 3273 1324 3279 ,

75 3388 78 3392 .
140 3313 270 3373 retinere
288 3313 394 3393 cupis,
420 3333 482 3378 una
507 3309 564 3369 hac
591 3306 705 3366 ratione
729 3306 763 3365 id
783 3309 961 3387 assequeris,
992 3313 1019 3372 si
1037 3334 1097 3373 non
1117 3314 1235 3392 legeris.

139 3412 255 3474 Minuet
280 3415 367 3489 enirn,
389 3424 424 3474 ut
444 3413 495 3472 ille
512 3411 570 3484 ait,
590 3408 758 3488 praesentia
772 3409 890 3471 famam·
912 3409 1007 3477 πολλά
1027 3410 1086 3497 γάρ
1106 3416 1156 3478 καὶ
1174 3421 1235 3478 τοῖν
1256 3464 1259 3469 .

139 3513 290 3596 έμμέτρων
303 3509 490 3594 τιονρμάτων,
512 3508 568 3572 ast
578 3513 639 3572 sois
647 3505 854 3591 καταλογάδην
870 3511 1117 3597 συγγραμμάτων,
1133 3516 1236 3597 έτιμὲν

138 3614 173 3679 έν
187 3622 252 3688 ταῖς
268 3617 416 3689 διανοίαις
430 3609 503 3677 ὄντα
518 3614 581 3673 τοῖν
599 3611 812 3687 συντιθέντων,
834 3609 963 3697 μεγάλας
978 3613 1033 3690 τάς
1050 3619 1236 3700 τιροσδοαέας

137 3717 298 3800 παρέσχεν·
321 3711 597 3781 transterremus
621 3713 671 3775 καὶ
694 3719 757 3786 τοῖς
784 3709 887 3805 dlicta
906 3711 1127 3800 άιτοδειχθέντα
1155 3713 1234 3781 πολι)

136 3818 367 3900 καταδεεστέραν
391 3808 448 3893 τὴν
470 3808 561 3888 δόξαν
584 3819 637 3894 τῆς
662 3814 784 3889 ἐλπίδος
801 3815 915 3898 έδαβεν.
958 3821 1018 3880 Sed
1033 3820 1070 3879 de
1094 3818 1153 3878 hoc
1174 3839 1232 3899 pro

135 3920 264 3983 candore
288 3929 342 3978 tuo
369 3927 399 3978 et
418 3915 603 3976 humanitate
623 3927 751 3978 statues:
779 3935 876 3996 neque
901 3941 952 3980 eos
972 3896 1152 4000 imitaberis,
1181 3929 1234 4004 qui

135 4021 295 4084 cavillandi
305 4020 366 4080 mei
388 4018 594 4097 frigidissimas
624 4030 745 4100 captant
773 4022 945 4083 occasiones
952 4069 972 4099 ,.
992 4025 1118 4104 ipsaque
1136 4028 1232 4086 male.

54 4166 59 4171 -
134 4125 264 4185 volantia
286 4124 412 4183 ieiunas:
435 4123 496 4201 qui,
520 4123 601 4202 quod
621 4145 652 4182 se
676 4125 774 4183 facere
800 4120 925 4185 sortasse
946 4135 1065 4204 putant,
1087 4102 1233 4202 noegexi·
1288 4136 1291 4141 “

134 4224 294 4287 etimationi
324 4245 394 4286 suae
425 4224 628 4301 commodant,
654 4246 710 4286 nec
741 4246 824 4288 meac
853 4237 969 4288 nocent.
1022 4231 1103 4303 Quid
1132 4231 1232 4292 onim?
