2768 4724
139 230 143 249 '
262 221 1075 379 ·'scoasrmuqsruruoaotsc'
1182 240 1244 321 ἰιι
1315 283 1369 316 .·

140 418 246 498 licque
259 415 361 493 snim,'
374 414 432 479 nial
452 405 503 479 cui
526 409 652 480 acumen
669 418 812 500 lynceum
833 416 1092 501 est,²ad'singnlo
1104 410 1242 500 quasque
1271 418 1275 425 ’
1350 489 1352 493 ,

139 501 325 565 ἆεεωιιᾶιιι
342 502 384 562 ita
401 502 488 587 licet,
514 512 556 562 ut
568 504 645 565 antio
664 503 812 567 reddatur
831 507 1068 583 accuratissima,
1097 525 1153 566 cur
1170 505 1241 593 labe,
1323 536 1332 547 ,

140 587 282 651 saon-alio
301 587 395 648 modo
413 607 462 656 res
485 607 626 667 expressa
647 589 714 655 sit.¹
739 590 842 665 Quare
855 589 935 651 hanc
948 599 1065 671 partem
1080 591 1124 650 sic
1140 590 1242 649 absol-

139 691 263 748 vamus,
282 681 319 733 ut
338 671 489 733 orationes
503 672 633 752 singulas
646 674 752 735 itinera
767 674 910 734 continuo
927 694 1135 756 peragrcmus‚
1157 676 1188 734 in
1204 674 1245 733 iis'

140 756 257 818 tanturn
279 765 512 832 commorantes,
542 777 619 836 quae
641 758 680 817 ad
700 756 934 841 disputationem
955 769 1089 820 nostram
1100 759 1242 818 ridentur

141 841 265 922 aliquod
276 849 460 901 momentum
476 839 597 904 hahere.
642 842 732 918 Quod
744 843 912 905 disserendi
927 841 1020 922 genus
1034 863 1105 903 cum
1117 845 1177 902 tale
1192 843 1241 917 sit,

141 948 201 1008 quo
217 926 386 988 orationum
406 924 491 1004 quasi
508 935 572 986 bota
596 926 694 986 forma
712 928 872 1003 reseratam,
892 937 1043 1008 quatenus
1055 927 1123 986 finis
1139 936 1241 986 noster
1330 982 1335 995 ‚

140 1032 176 1073 ιι
191 1011 340 1090 tangitur5
360 1012 561 1070 necessarium
579 1019 642 1087 est,
663 1020 699 1072 ut
722 1011 923 1072 dubitationes
943 1011 1012 1073 illae
1030 1011 1242 1091 reprimantur,

140 1115 216 1176 quas
231 1095 330 1176 priori
345 1094 548 1173 disputatione
562 1095 672 1156 leviter
690 1097 849 1173 tetigimus.
892 1097 975 1169 Quas
987 1098 1065 1155 inter
1076 1096 1109 1154 ld
1123 1096 1245 1177 praeci·
1268 1126 1271 1133 ·

140 1201 200 1260 pne
213 1178 443 1240 memorandum
465 1187 525 1253 est,
548 1180 633 1257 quod
652 1199 690 1240 ex
707 1180 892 1240 orationibus
912 1180 986 1260 ipsis
1001 1189 1047 1241 ter
1060 1180 1174 1260 legatos
1188 1177 1282 1238 ve-lt

140 1265 218 1324 uisse
237 1273 344 1343 terque
364 1256 508 1321 auxilium
525 1283 590 1322 esse
610 1265 705 1324 latum
728 1285 789 1325 non
811 1265 908 1345 possit
929 1264 1070 1344 perspici.
1118 1263 1245 1327 initiunt·

141 1347 191 1419 lut
201 1349 313 1413 iterum
326 1347 364 1408 ab
377 1347 514 1411 oratione
528 1344 595 1426 illa,
616 1368 693 1431 quse
704 1348 848 1439 Dionysio
860 1349 958 1440 prims
971 1358 1024 1415 ssa

583 1537 791 1560 Μ

475 1683 724 1747 utitt'ttlts
744 1636 925 1753 tultus

201 1834 394 1901 raedarum
409 1832 502 1898 huius
519 1838 663 1903 orationis
681 1838 816 1919 initium,
854 1858 916 1922 quq
935 1836 1149 1900 Demosthenes
1169 1839 1242 1903 helii

138 1925 212 1983 novi
233 1922 420 1984 messionem
446 1923 600 2002 pmsdicat
621 1932 783 2004 optatque,
819 1933 856 1984 ut
877 1925 983 2002 digitos
1004 1932 1090 1984 tanto
1110 1926 1240 1986 Deorum
1279 1924 1281 1931 '

139 2006 285 2067 beneficio
302 2005 383 2069 cives
404 2028 469 2068 sose
494 2008 667 2083 ostendant,
689 2008 796 2087 quidni
811 2010 862 2070 vel
877 2009 985 2068 leviter
998 2008 1168 2089 inspicienti
1186 2030 1241 2068 su-

139 2092 306 2173 spicionem
320 2091 447 2152 moverit
464 2091 501 2151 de
519 2094 643 2171 vulgato
665 2093 786 2169 ordino,
808 2094 863 2152 vix
883 2101 980 2151 mento
994 2092 1241 2172 comprehendas.

139 2176 220 2236 tiam
237 2177 326 2237 etism
345 2176 372 2237 si
391 2176 429 2236 de
449 2197 525 2237 voce
548 2172 771 2256 πολεμήσαντας
789 2177 937 2236 dubitatio
958 2185 1038 2249 erat,
1060 2177 1126 2236 sola
1139 2187 1240 2236 umen

138 2260 194 2319 illa
208 2261 336 2320 oratoris
349 2280 418 2340 spes
432 2262 616 2340 persuadere
627 2261 763 2336 debebat,
779 2261 838 2321 hoc
853 2262 956 2321 saltem
963 2257 1046 2319 bello
1057 2259 1132 2319 nihil
1145 2260 1247 2319 Athe·-
1307 2288 1310 2293 ·

138 2344 259 2405 nienses
279 2345 432 2420 omisisse,
468 2345 551 2424 quod
578 2347 725 2426 postulari
755 2346 792 2407 ab
818 2347 856 2406 iis
873 2347 939 2406 iure
954 2339 1113 2425 'poterat'
1139 2344 1243 2422 louge

139 2428 232 2499 alium
244 2429 384 2509 prolecto
405 2430 531 2491 oratoris
551 2432 791 2510 conspiceremus
813 2431 960 2504 animum,
980 2431 1006 2489 si
1015 2429 1088 2489 huic
1102 2428 1246 2488 concioni:

139 2513 198 2572 alia
206 2513 352 2592 quaedam
364 2513 513 2573 incassum
524 2516 686 2593 praemissa
699 2516 811 2574 luisset.
834 2516 928 2574 Cuius'
935 2515 978 2574 rei
992 2515 1025 2573 in
1033 2523 1245 2593 argumentum

139 2599 362 2657 adulantius-ex
384 2608 511 2677 utraque
535 2599 573 2658 de
593 2601 692 2678 primo
713 2602 782 2660 loco
805 2599 896 2658 dubia
918 2600 1061 2659 concione
1082 2599 1241 2658 afferamus

138 2682 317 2743 simillimas.
359 2682 493 2759 Namque
514 2694 675 2763 postquam
693 2686 724 2742 in
743 2683 955 2764 primaetinitio
970 2684 1049 2741 bona
1072 2704 1124 2759 spe
1145 2703 1244 2759 expo-

138 2775 259 2841 suerat,
277 2767 409 2828 Deorum
432 2785 537 2844 magna
560 2788 629 2845 espa
642 2769 836 2831 Athenienses
852 2768 1060 2828 benevolentia
1079 2765 1243 2842 Olynthios

139 2870 211 2912 cum
232 2849 372 2929 Philippo
391 2851 572 2925 bellaturos,
602 2873 732 2930 auosque
753 2873 816 2911 eam
837 2851 1022 2910 occasionem
1040 2858 1243 2925 occupaturos

138 2954 205 2994 esse
212 2978 225 3008 ,
246 2934 277 2994 in
293 2936 396 3010 tertia,
418 2934 491 2998 dum
504 2956 569 2994 rem
583 2937 705 2995 oarsdern
718 2944 844 3011 tractat,
866 2934 913 2993 hia
925 2932 1024 2991 vorbis
1039 2932 1138 2990 utitur
1149 2952 1180 3009 p.
1191 2936 1241 2993 10.

138 3018 191 3077 lira
216 3013 356 3122 οὐδὲγὰρ
371 3015 459 3099 λόγος
474 3014 671 3099 sitientique
690 3013 740 3083 ἔθ’
754 3014 829 3099 ὑμῖν
842 3025 897 3080 τοῦ
914 3013 954 3097 μὴ
967 3012 1003 3077 ed
1021 3015 1125 3079 dicore
1142 3021 1244 3076 ποιεῖν

138 3102 258 3167 ἐθέλειν
283 3103 482 3166 enutriretur.
513 3104 584 3166 svnt
608 3100 684 3187 γὰρ,
715 3100 863 3177 daciscae
876 3103 1050 3182 ,theristra
1080 3093 1122 3173 oie
1135 3093 1243 3162 'Olos-

137 3188 233 3258 0luve
248 3185 452 3266 ἐκπολεμῶσαι
467 3190 512 3250 dri
526 3188 684 3275 (italicoru,¹
704 3188 825 3271 γέγονεν
839 3177 1024 3262 αὐτόματοι,
1045 3209 1073 3248 ιι.
1089 3209 1112 3247 ε.
1127 3190 1152 3246 l..
1180 3184 1243 3245 Ne·

137 3271 252 3347 minem
263 3291 328 3330 esse
342 3271 494 3346 existimo,
517 3272 589 3351 quin
601 3274 727 3349 sentiat,
750 3282 898 3332 oratorem
913 3271 964 3330 hio
980 3270 1088 3330 acriter
1099 3290 1149 3328 eos
1162 3289 1243 3348 pun-

138 3376 231 3435 gere,
252 3354 334 3434 quod
348 3375 411 3416 rem
428 3356 569 3433 eandem,
592 3379 680 3436 quam
693 3359 736 3416 ita
747 3356 930 3434 magniloqui
950 3365 1034 3414 atttea
1051 3354 1244 3422 desiderave-

136 3449 220 3513 rant,
237 3440 313 3514 iam,
334 3441 386 3498 ubi
402 3441 577 3517 omnigenae,
598 3442 745 3521 pudenda¹
754 3442 877 3519 segnitie
889 3441 1046 3519 negligant.
1088 3437 1243 3514 lanatido,

134 3543 235 3604 quam
247 3525 322 3584 male
334 3525 427 3584 verba
442 3525 494 3583 illa
509 3525 624 3605 primae
638 3527 826 3587 coruveniant.

207 3628 285 3684 Sunt
307 3625 451 3703 fortasse,
475 3627 527 3706 qui
548 3628 667 3704 dicant,
688 3627 828 3705 quoniam
847 3636 950 3705 postca
970 3627 1002 3684 in
1016 3626 1081 3706 ipsa
1100 3625 1158 3685 hac
1175 3640 1285 3697 ora-43

142 3713 225 3769 tione
246 3721 350 3769 orator
371 3720 517 3789 queratur
539 3712 576 3770 de
603 3730 734 3770 suorum*
747 3711 877 3785 desidia,
898 3712 1091 3770 tribuendum
1109 3709 1245 3769 essehoc

140 3789 303 3855 exordium
321 3797 377 3854 arti
398 3794 516 3854 cuidam
534 3796 695 3870 oratoriae,
717 3805 752 3855 ut
769 3816 800 3855 se
818 3796 962 3855 confisum
977 3795 1087 3855 oivitnn
1098 3794 1245 3852 voluntati

141 3879 359 3939 Demosthenes
371 3881 491 3938 simulet
506 3880 801 3959 benevolentiamque
816 3890 924 3960 captet.
968 3881 1007 3938 lis
1027 3878 1113 3938 facile
1128 3877 1245 3947 damus3
1357 3946 1363 3957 ..

139 3971 293 4025 oratorem
312 3964 459 4044 eiusmodi
482 3974 545 4025 orte
562 3984 658 4033 *usum
677 3966 786 4040 luisse,
817 3985 876 4044 qua
892 3966 988 4038 cives,
1011 3984 1085 4042 quos
1104 3961 1245 4020 lentiores

141 4050 211 4107 fore
236 4047 357 4109 aliunde
381 4049 451 4109 satis
473 4051 619 4130 suspicari
639 4061 772 4130 poterat,
809 4071 863 4109 suo
890 4052 970 4109 bono
997 4049 1094 4106 altimo
1113 4046 1245 4106 sinuaret

142 4134 337 4211 animumque
356 4134 485 4213 pulchra
508 4156 562 4214 spe
588 4144 717 4216 augeret.
761 4135 820 4195 Sed
843 4157 877 4194 eu
897 4157 944 4193 ras
967 4153 1021 4191 cur
1043 4130 1154 4209 prinmo
1176 4152 1265 4198 ora-.

142 4218 219 4276 tioni
238 4231 298 4276 non
320 4219 492 4294 conveniat,
515 4229 568 4277 aut
589 4222 690 4301 potius
709 4219 861 4301 quomodo
876 4220 1028 4297 vulgatum
1042 4214 1177 4277 ordinent
1193 4217 1247 4278 ad-

141 4304 248 4380 iuret,
269 4299 329 4361 hoc
345 4304 465 4368 edoceri
480 4304 580 4367 velim.
