2768 4724
155 224 220 291 de
436 274 439 279 .
466 258 469 263 -
519 221 893 287 sanuttttosts

104 420 106 424 ·
159 393 235 474 Auge
257 392 407 454 secundus
431 404 462 455 et
478 395 585 456 Bavs‘r.
606 389 796 476 seleseiense
815 389 890 470 Aug.
910 393 1026 453 tertius.
1046 398 1252 460 nstsm'cots·

159 484 238 556 μεῖνε
250 479 377 540 Bekksr.
422 481 526 541 Recte:
547 499 646 560 usque
663 480 742 559 enim
756 479 794 539 de
813 477 1010 539 bello-futuro
1026 479 1131 557 agitur.
1173 481 1253 542 Pro-
1278 539 1288 555 ,

159 562 214 624 bat
228 564 315 623 etiam
335 563 503 642 Rtidigeru's
520 565 558 624 in'
575 574 638 623 not
660 560 705 623 ad‘
720 584 751 645 p.
772 566 830 639 50,
851 569 883 630 7.
926 565 987 624 Sed
1008 564 1052 641 si,
1075 574 1109 624 ut
1120 565 1251 643 videtur,

136 722 139 729 Ι
160 646 335 730 profuturo
348 649 449 711 Attico
463 646 587 726 habuit,
609 649 729 711 erravit.
754 668 913 717 semesas.

67 800 71 807 ,
191 772 197 803 ·.
223 732 258 795 P·
280 738 331 800 48·
352 754 383 793 v·
405 739 458 800 23.
479 733 667 818 λογίσαισθε]
695 732 855 813 λογίσασθε
868 731 941 809 Aug.
955 732 1080 812 primus,
1099 730 1183 795 Harl.
1200 739 1255 799 to-

123 868 127 877 .
160 814 287 899 γίσασθε
307 817 384 896 Aug.
407 818 522 879 tertius.
544 820 709 900 λογίσησθε
724 820 798 897 Aug.
817 817 975 879 secundus.
996 820 1171 900 λογίσαισθε
1190 819 1252 880 Ba-

160 914 448 986 uneumqsuper
462 901 658 982 diphthongo.
680 923 776 963 neus.
809 913 815 929 ‘
1077 928 1083 939 =
1127 956 1132 963 .
1243 950 1247 959 .
1316 976 1320 984 y

192 984 259 1053 .1'·
280 992 335 1055 48.
356 1007 388 1050 v.
409 988 461 1055 25.
483 983 519 1051 soi
532 984 639 1067 πολλά]
658 983 755 1051 πολλὰ
771 987 886 1048 Hatris.
909 987 974 1049 sine
998 986 1136 1064 articulo.
1156 1005 1254 1050 max„

83 1150 86 1160 ,
176 1120 195 1131 .„
224 1087 258 1149 tt
277 1092 331 1157 48.
351 1108 383 1149 ν.
404 1090 457 1156 26.
484 1083 720 1172 προλαμβάνων]
743 1085 986 1172 προσλαμβάνων
1012 1089 1107 1151 Paris.
1133 1091 1253 1172 tertius,

160 1168 459 1235 Mesrmsnnusmss.
708 1210 711 1215 -

191 1270 260 1334 ζῬ.
282 1277 334 1340 48.
355 1292 386 1334 v.
409 1279 461 1340 26.
483 1270 617 1352 ἐτησίας]
638 1270 774 1354 ἐτησίους
788 1275 907 1355 inAng.
921 1274 1012 1344 ,tertio
1026 1275 1125 1356 prims
1137 1292 1253 1354 menos,

45 1361 49 1368 “
162 1356 360 1419 sesecundo
371 1357 503 1419 correxit
514 1357 687 1418 admodum
702 1360 849 1445 volgatae.
871 1380 968 1421 ames.

118 1469 122 1479 '
225 1457 259 1519 P.
281 1463 333 1525 48.
354 1480 385 1520 ν.
407 1462 459 1526 27.
481 1457 635 1543 ἐπιχειρεῖ]
665 1456 799 1544 ἕαειυηρεῖ
819 1461 914 1533 Paris.
935 1461 1103 1540 secundus,
1135 1462 1253 1536 tertius,
1349 1487 1352 1490 ⁴

162 1541 323 1686 teptimus,
344 1536 579 1623 Bavariosug.
604 1544 763 1608 secundus.
805 1546 968 1626 Utramque
991 1547 1149 1607 lectionem
1166 1547 1257 1607 simul

163 1636 200 1689 tx
222 1627 285 1687 ibet
295 1629 508 1723 Aepltertius,
530 1628 607 1688 infra
621 1627 717 1707 hano,
738 1650 832 1712 supra
849 1631 1009 1710 vulgatura.
1031 1650 1128 1691 assem

188 1804 193 1811 Ι
226 1730 259 1791 Ρ.
281 1733 333 1799 48.
353 1751 384 1791 v.
404 1736 458 1797 27.
479 1723 661 1811 destitistis]
677 1719 1075 1815 άννάμεθαΑυρεεοαιιοᾶυσ
1084 1733 1256 1814 δυναίμεθα

162 1804 271 1877 Aldina
299 1816 438 1894 Tsylori,
464 1812 601 1875 Bovario
624 1835 720 1878 asses.
763 1816 940 1897 Optativum
962 1819 1110 1879 bonorum
1126 1819 1256 1879 ,nanum

164 1899 344 1963 anctoritate
361 1897 495 1961 restituit
508 1900 681 1978 Bekkerus‚
716 1922 809 1980 quum
831 1904 923 1980 vulgo
945 1903 1061 1983 legatur
1078 1894 1255 1980 δυνάμεθαι

66 2038 69 2043 .
163 1984 217 2065 qui
230 1984 339 2045 modus
353 1984 465 2062 ubique
479 1982 551 2044 addi
564 1982 641 2046 solet
661 1987 865 2048 coniunctioni
882 1981 966 2066 ἡνίκ’
981 1984 1035 2064 άν,
1067 1985 1206 2068 quonism
1222 2006 1256 2045 ee

164 2067 299 2141 decerto
318 2078 349 2130 et
361 2067 482 2130 definito
496 2077 630 2149 tempore
644 2072 821 2152 plerumque
833 2073 968 2151 ponitur.
988 2072 1156 2132 nicensem
1171 2081 1257 2150 opta-

163 2153 245 2217 tivus
274 2155 408 2234 egregius
436 2163 482 2214 est
509 2152 548 2213 ad
570 2154 739 2215 irridendos
768 2155 976 2216 Athenienses:
1012 2174 1095 2235 „quo
1123 2164 1257 2233 tempore
1337 2162 1341 2171 '

163 2238 317 2318 nosistue
329 2238 481 2318 proficisci
495 2257 557 2297 uon
574 2260 746 2319 possemus,
767 2243 883 2300 αἰαιαεί
900 2237 974 2301 velle
994 2262 1047 2300 nos
1067 2236 1262 2299 diesrmas.“'

108 2332 112 2342 '
163 2342 264 2387 mm.
313 2323 492 2404 optativum
515 2323 602 2385 etiam
624 2323 791 2402 Riidigerus
807 2324 946 2384 adscivit.
994 2323 1054 2384 Aut
1072 2320 1125 2383 hie
1146 2321 1256 2382 modus

59 2420 61 2431 ’
163 2407 353 2490 probandus,
375 2417 411 2467 ut
425 2406 588 2469 enuntiatio
609 2409 649 2469 sit
662 2406 858 2488 hypothetica
873 2400 1129 2487 subaudieturque
1141 2409 1260 2466 etiamsi

162 2488 315 2567 υιίίεαιυο,
338 2501 389 2552 aut
403 2490 598 2569 indicativus,
626 2513 714 2572 quem
734 2493 872 2570 datAug.
892 2514 969 2569 sec,
1000 2492 1097 2553 deleti
1109 2490 1258 2570 particuli
1372 2546 1375 2550 .

165 2570 213 2641 άν.
257 2577 344 2638 Prior
362 2577 440 2637 retio
458 2575 564 2637 lenior.
582 2568 664 2658 ’ἡνίκ’
680 2569 734 2655 dv,
750 2577 781 2639 h.
794 2599 820 2641 c.
835 2574 919 2654 ὅταν,
942 2576 1167 2638 coniunctivum
1181 2564 1258 2633 illud

164 2680 278 2741 regens,
292 2660 324 2721 h.
336 2662 358 2722 l.
371 2661 508 2742 ineptum
521 2670 583 2743 est:
605 2681 673 2721 nata
685 2662 795 2725 Orator
809 2662 942 2741 loquitur
954 2662 992 2722 de
1009 2671 1092 2722 certo
1106 2670 1257 2741 tempore,

166 2755 203 2809 ut
217 2742 327 2824 ἡνίκα,
348 2743 429 2808 h..es
450 2741 519 2820 des,
555 2747 654 2806 solum
672 2767 729 2827 per
752 2768 785 2807 so
802 2747 1028 2825 intelligendum
1052 2747 1098 2806 sit.
1143 2743 1258 2804 Citatus

165 2830 315 2910 Riidigero
328 2832 414 2890 loeus
429 2828 639 2932 Xenophontis
654 2831 815 2893 Oeconom.
840 2837 897 2906 11,
927 2836 976 2897 14.
998 2852 1059 2890 non
1072 2838 1154 2888 caret
1168 2827 1258 2906 vitio,

105 2971 110 2979 ,
164 2916 356 2978 scribendum
377 2917 467 2975 enim:
503 2907 582 2995 ηνίκ’
603 2907 643 2979 dv
658 2916 700 2978 des
726 2916 814 2980 ἔνδον
835 2910 1113 2997 ιιαναλαμβάνοιμι,
1142 2913 1174 2975 εί
1191 2937 1260 2975 τινα

165 2996 306 3081 δεόμενος
329 3001 403 3062 ἰδεῖν
424 2995 604 3080 τυγχάνοιμι.
650 3000 788 3063 ceterum
808 2997 884 3061 haee
904 2995 1110 3060 Demosthenis
1123 2996 1196 3056 mihi
1210 2997 1259 3057 vi-

165 3086 274 3149 dentur
290 3083 405 3162 scripta
430 3081 571 3142 docendis
592 3081 837 3164 Atheniensibus,
855 3104 928 3144 ,non
949 3082 1125 3144 irridendis:
1157 3080 1260 3142 sedata

33 3196 38 3205 ·
165 3171 242 3231 anim
260 3169 358 3228 omnia
371 3175 399 3228 et
411 3167 514 3246 gravia
528 3177 606 3228 sunt
629 3189 786 3229 senseras.

229 3253 261 3314 P.
285 3256 388 3318 49.·v.
413 3256 442 3316 1.
463 3246 555 3332 ἡμᾶς]
577 3253 664 3330 valgss
685 3247 774 3334 άμᾶς.
788 3247 877 3333 Ιἡμᾶς
897 3249 988 3311 Paris.
1011 3251 1132 3326 tertius,
1161 3248 1260 3309 Mser-

165 3359 263 3415 mann.
285 3341 378 3400 ταῦτα
392 3329 472 3415 ripaeis
487 3337 562 3414 Aug.
584 3340 700 3398 tertius.
744 3339 909 3416 Utrumque
930 3355 1056 3414 prorsus
1079 3335 1162 3394 deest
1177 3332 1260 3391 flar-

164 3424 217 3485 tis.
240 3415 270 3484 et
286 3417 395 3481 Hordei.
417 3439 514 3480 umes.
536 3416 617 3502 άμᾶρ
637 3423 745 3501 Augen.
788 3423 864 3482 Itent
877 3421 1016 3496 Ritdiger.
1038 3420 1092 3480 sed
1108 3416 1192 3477 uncis
1211 3417 1261 3476 in-

167 3508 292 3570 clusum.
314 3502 396 3588 ἦμᾶς
407 3506 636 3586 praeferendum
650 3528 712 3566 esse
728 3505 838 3566 docent
851 3505 1014 3585 sequentia.
1037 3522 1196 3563 scuasrsn.

231 3608 265 3670 P.
288 3612 339 3675 49.
360 3629 391 3668 v.
415 3615 443 3675 1.
465 3607 637 3691 βοηθείαις]
658 3608 725 3668 Ηοο
739 3610 769 3667 in
779 3606 849 3668 loco
868 3622 1038 3686 quanquam
1053 3613 1188 3665 nostrum
1207 3624 1262 3662 ex-

160 3690 281 3777 ,empiar
297 3714 365 3754 eum
377 3691 486 3753 Aldine
502 3692 712 3768 concordavit,
733 3700 835 3754 tamen
847 3691 904 3752 slis
917 3710 1023 3750 manus
1041 3700 1072 3750 et
1085 3690 1137 3748 ilie
1152 3707 1262 3767 pernn-
1304 3730 1306 3736 -

166 3782 249 3860 tique
262 3779 442 3858 asscriptum
457 3772 590 3859 comperi
610 3771 710 3860 γράφε
729 3779 885 3861 γοητείας.
929 3776 1014 3848 Quae
1034 3773 1107 3833 mihi
1123 3766 1264 3853 proiecto

167 3858 306 3945 germane
327 3863 419 3923 lectio
442 3883 505 3925 esse
530 3860 670 3936 videtur,
705 3861 815 3942 siquis
843 3861 1005 3921 verborum
1030 3876 1149 3917 sensum
1167 3858 1260 3938 paulo

167 3951 309 4011 attentius
322 3942 438 4025 legerit.
491 3947 596 4025 Arguit
611 3948 690 4006 enim
704 3944 917 4008 Demosthenes
931 3945 1014 4003 cives
1027 3961 1097 4000 suos
1111 3942 1259 4020 ignaviae,

165 4056 336 4115 proponens
349 4031 482 4112 Philippi
495 4032 693 4109 vigilantiam,
715 4052 814 4091 omnes
829 4026 973 4107 temporis
988 4026 1131 4085 articulos
1145 4028 1189 4085 rei
1207 4045 1262 4102 ge-

163 4116 274 4180 rendae
307 4116 462 4198 captantis.
485 4115 654 4195 'Oporters
677 4116 799 4195 itaque,
834 4113 892 4172 iste
920 4111 1158 4185 considerantes,
1198 4130 1261 4169 non

164 4203 402 4287 praestigiatoris
422 4221 487 4262 rem
498 4221 584 4280 agere
594 4245 604 4277 ,
632 4193 706 4263 άίλά
722 4200 897 4282 παρασκευῇ
916 4203 1034 4277 συνεχεῖ
1051 4196 1100 4259 καὶ
1122 4189 1260 4272 δυνάμει,

107 4300 114 4313 ·
164 4294 283 4354 nenos
297 4287 440 4370 sequitur.
465 4286 710 4351 'Facilis-autem
732 4282 790 4345 sm
806 4282 908 4363 lapsus
927 4302 947 4343 e
966 4282 1118 4367 γοητείας
1139 4282 1171 4339 in
1186 4282 1261 4361 βοη-
