2768 4724
339 236 400 305 sn
431 198 565 300 onln'
597 234 655 325 nn
680 193 953 298 nruuonns.
1120 238 1201 318 ,τοι
1258 278 1261 284 .
1300 221 1305 231 ’

112 435 173 493 quo
186 413 252 492 ipsa
268 411 341 490 legis
353 410 469 489 rogatio
482 409 651 469 indicatur.
663 406 787 487 Olynth.
801 407 825 468 l.
838 427 870 487 p·
888 409 939 481 11,
953 409 1005 472 21.
1018 401 1057 470 et
1069 402 1200 491 χρῶφιις

110 490 195 561 τοῦτ’
213 493 290 560 εἶναι
306 489 515 574 στρατιωτικῶς
530 490 573 572 pt
584 487 640 555 ΔΓ
655 488 712 557 oris
729 492 831 575 ἔγωγε.
852 512 929 570 quae
945 501 1052 551 tamen
1073 502 1108 551 nt
1127 493 1200 554 bant

113 582 216 642 eodem
239 580 306 639 loeo
326 581 439 639 indicat
458 580 586 638 maxime
606 597 637 636 se
660 587 773 657 optare.
809 577 844 634 ln
863 576 930 654 ipso
950 585 1047 634 eutem
1071 581 1201 655 scriptae

112 667 184 740 legis
198 666 293 742 capite
304 664 466 723 utebantur
482 662 576 722 verbo
598 664 700 724 ιλιιιῖν.
730 660 796 719 Vid.
817 679 854 719 ex
874 659 1035 723 innumeris
1057 660 1199 739 exemplis
1240 676 1249 703 ⁸

113 749 204 821 illnd,
225 749 310 826 qnod
335 758 380 808 est
402 748 485 806 Orat.
508 767 565 825 pro
582 746 649 805 Cor.
671 765 701 823 p.
715 750 795 818 288,
813 749 865 809 28.
881 743 1081 822 Δημοσθένης
1096 751 1201 824 Δημο-
1273 788 1276 797 -

114 833 245 903 σθένους
268 827 430 903 Παιανιειλς
453 826 551 892 sisso:
587 830 637 887 cni
664 827 866 907 plaepbismati
891 838 960 907 post
980 829 1136 886 victoriam
1153 828 1201 889 ad

115 917 312 974 Chaeroneam
332 915 460 975 illudens
478 934 533 972 rex
555 912 711 991 Philippus
726 913 907 971 vocabulum
926 912 1052 984 adiecit,
1072 921 1109 971 ut
1129 910 1201 972 inde

113 978 199 1059 berei
211 1000 377 1058 verniculus
397 996 567 1102 <Plutarch
586 997 619 1055 V.
637 993 855 1074 Demosthen.):
879 996 1082 1074 Δημοσθένης
1097 1003 1203 1074 Aspen·
1250 985 1254 995 ¹

115 1085 246 1155 σθένους
265 1088 430 1151 Ποιονιευι·
449 1075 517 1142 τάδ’
538 1077 629 1143 elaea.
651 1080 806 1138 Caeterum
831 1080 979 1139 notionem
994 1077 1200 1155 exierisnandi,

113 1164 291 1239 iudicandi‚·
303 1162 438 1226 censendi
457 1166 489 1223 in
512 1165 605 1224 verbo
628 1164 706 1242 ρημλ
728 1163 849 1241 insuper
865 1165 994 1242 probant
1008 1165 1074 1222 loca
1092 1165 1203 1224 Demo·
1240 1209 1244 1215 -

114 1249 209 1310 athen.
228 1252 265 1308 de
280 1253 426 1327 Symmor.
440 1267 470 1325 p.
487 1253 566 1325 185,
591 1249 638 1313 15.
658 1243 793 1327 χρήματα
808 1245 862 1324 μὲν
882 1246 920 1325 δὴ
936 1248 1015 1327 popel
1036 1243 1112 1310 οἶνοι
1124 1244 1201 1313 so'ar.

114 1344 145 1395 et
166 1356 193 1393 o.
214 1332 372 1390 Theocrin.
388 1353 419 1410 p.
439 1337 539 1409 1823,
555 1339 607 1399 23.
624 1332 701 1411 φημὶ
718 1326 805 1411 σὴ·-
816 1333 983 1413 Θεοκρ1νην
1002 1330 1109 1412 ἔνοχον
1120 1324 1203 1399 ἐἶναι

113 1442 140 1481 κ.
157 1442 182 1479 ι.
202 1422 471 1478 burmanniana.
737 1424 741 1429 '

179 1501 211 1558 Ρ.
236 1506 306 1565 182.
328 1521 358 1558 v-
382 1507 430 1565 18.
454 1496 651 1572 ὀκτακοσίους
695 1499 788 1559 Abest
802 1497 839 1556 ab
856 1497 931 1575 Aug.
946 1501 1089 1559 secando.
1104 1518 1201 1561 ιιιιιιι.
1262 1530 1265 1535 ·

178 1584 210 1643 Ρ.
236 1589 305 1649 182.
326 1605 357 1642 v.
383 1586 429 1649 15.
452 1580 624 1660 ἆιιολιίξητε
639 1607 672 1646 το
687 1581 821 1660 πλῆθος]
836 1580 953 1661 plenum
968 1583 1147 1658 exhibeatis,
1167 1592 1209 1645 ut·

116 1665 190 1726 nihil
211 1667 294 1726 desit.
336 1667 469 1727 Verbum
490 1667 549 1728 hoc
577 1669 739 1727 illustravit
759 1665 1005 1746 wyttenbachius
1029 1667 1068 1726 sd
1088 1669 1204 1728 Seleeta
1238 1680 1247 1689 '

116 1752 228 1810 Hister.
242 1772 271 1829 p.
286 1755 358 1816 489.
371 1770 597 1813 mnsnoennn.
933 1782 934 1787 ι

179 1836 211 1893 Ρ.
239 1842 308 1900 182.
329 1857 359 1894 v.
386 1840 432 1902 15.
444 1843 501 1898 τῶν
516 1829 983 1919 ἔκικλῆρων-ήῶφυιριθένιωυ]
992 1834 1026 1897 V.
1034 1834 1203 1897 Bneekbius
1256 1834 1265 1858 '

117 1919 229 1977 Oecon.
244 1920 331 1979 Polit.
347 1919 454 1978 Athen.
470 1923 503 1986 Τ.
519 1921 557 1983 11.
569 1941 599 2000 p.
621 1926 672 1986 83.
695 1941 719 1979 s.
726 1963 737 1993 ,
761 1921 846 1979 euius
866 1919 1144 1997 interpretationem
1165 1918 1204 1979 ad

116 2007 175 2064 τῶν
195 1996 485 2079 ὀρφανικῶν-τῶν
505 2007 693 2067 κοινωνικῶν
711 2004 912 2062 subaudientia
926 2000 1084 2081 χρημάτων
1097 2024 1205 2063 vereor
1228 2066 1240 2073 ,

116 2096 152 2144 ut
168 2097 253 2146 tenor
265 2089 326 2151 loci
341 2087 494 2160 admittet,
518 2109 604 2166 quern
623 2088 709 2147 facile
727 2096 852 2167 apparet
874 2086 911 2144 ds
933 2082 1064 2161 σώμασι,
1087 2106 1148 2145 non
1165 2086 1205 2147 de

40 2194 42 2198 ⁸
116 2167 280 2248 χρήμασιν,
303 2192 397 2249 agere.
435 2172 534 2230 Malim
560 2173 650 2248 igitur
671 2171 825 2246 vulgatum
848 2170 919 2227 olim
947 2163 1091 2245 σ’ρφιινῶν
1114 2169 1206 2243 resti·

116 2263 218 2314 tuere:
240 2277 360 2334 quoque
379 2255 485 2314 melius
504 2255 796 2333 sequentosge'nitivi
811 2253 1014 2332 respondeant
1030 2254 1207 2314 antecedeb-
1274 2310 1279 2319 ,

116 2338 205 2413 tibus,
222 2342 357 2419 suspicor
370 2345 575 2417 κληρουχικῶν
591 2348 621 2397 ο1
635 2340 819 2400 κοινωνικῶν
833 2336 974 2396 mutanda
988 2337 1019 2395 in
1033 2332 1217 2421 ιιληροιίχοιυ-ι

15 2472 20 2477 .
117 2431 148 2480 et
162 2430 329 2485 κοινωνῶν.
360 2426 518 2482 Contnot.
535 2419 860 2497 asluregortorimh.
882 2442 911 2500 p.
939 2425 1008 2486 110.
1040 2420 1104 2480 Non
1128 2441 1204 2500 nego

118 2506 360 2584 Lexicegraphos
373 2509 434 2564 suis
449 2506 578 2563 inlibris
593 2504 732 2563 babuisse
746 2510 953 2582 κληρουχικῶν
964 2516 993 2563 et
1006 2509 1205 2568 κοινωνικῶνι
1245 2526 1248 2533 ·
1267 2567 1273 2587 χ
1339 2558 1343 2565 .

118 2589 237 2645 videtur
261 2590 337 2648 enim
360 2591 467 2647 vitium
490 2609 554 2646 esse
578 2597 734 2667 pervetus:
757 2588 809 2645 sed
826 2587 999 2659 videmini,
1021 2599 1207 2666 quantopere

62 2738 67 2743 ,
119 2669 192 2730 haec
207 2674 355 2750 scriptura
371 2673 438 2730 illos
452 2672 635 2747 turbaverit3
655 2692 723 2730 cuna
748 2673 824 2730 enirn
847 2674 1052 2748 κληρουχικῶν
1073 2671 1109 2728 de
1133 2665 1209 2752 χρη·

120 2774 209 2830 μασιν
226 2759 507 2835 interpretarentur,
527 2776 631 2815 rursus
648 2760 835 2819 κοινωνικῶν
851 2754 887 2814 de
904 2750 1037 2834 σώμασιν
1052 2754 1210 2815 intellexa.

119 2849 198 2897 runt.
215 2860 374 2900 seirannus.
614 2882 618 2890 -
879 2876 882 2881 ,
1156 2882 1160 2899 .

185 2925 216 2981 P.
242 2931 312 2989 182.
334 2944 364 2984 ι’.
389 2923 439 2990 15.
476 2919 536 2985 τῶν
561 2918 753 3001 ἐπικλήρων]
774 2921 879 2983 Puella
901 2921 974 2980 orba
994 2919 1215 2993 haereditatem¹

123 3010 332 3084 consequitur,
355 3010 407 3067 sed
428 3028 486 3066 non
508 3029 547 3066 ex
566 3028 629 3069 sese
651 3028 742 3085 genus
761 3014 918 3087 propagat.
950 3004 1069 3064 Debeo
1090 3008 1208 3084 Suidas,

123 3091 299 3170 ἐπίκληρον,
328 3093 440 3169 inquit,
468 3093 598 3170 puellam
624 3093 787 3172 pupillam,
817 3090 989 3169 parentibus
1017 3099 1047 3149 et
1067 3090 1210 3150 fratribus

124 3176 241 3249 orbam,
264 3177 295 3235 in
309 3179 394 3235 cuius
412 3184 558 3253 potestate
573 3197 644 3254 opes
659 3173 1107 3254 ουο1,νοσιιιιῐο1ι.λιιλκληροι
1122 3173 1211 3235 etiam
1262 3187 1268 3198 ’

122 3271 283 3334 vocantur,
306 3261 369 3318 sive
381 3261 484 3334 binae,
507 3261 569 3317 sive
587 3260 685 3337 plures
702 3261 821 3318 luerint.
829 3277 927 3317 κνοω.
950 3257 1047 3318 Scilic.
1064 3253 1216 3337 σωμάτιον,

124 3344 194 3423 (ιιοιι
207 3346 393 3424 παρθένων),
417 3345 486 3425 quia
507 3344 545 3403 ad
565 3344 747 3422 insequentia
768 3343 914 3421 adiectiva
937 3341 1034 3400 omnia
1056 3342 1211 3402 subaudiri
1233 3362 1236 3367 ·

125 3428 214 3485 debet
234 3425 385 3505 σωμάτων.
416 3428 473 3487 Sed
494 3427 593 3486 nescio
618 3449 655 3487 an
675 3438 738 3487 tum
761 3427 854 3487 entius
874 3426 913 3482 sit
928 3426 1016 3484 etiam
1031 3423 1212 3486 boenomen
1300 3483 1303 3492 ,

123 3511 247 3588 reliquis
273 3511 514 3583 accommodare,
552 3509 582 3570 h.
608 3501 854 3590 ωλιιικληρικῶν
877 3509 984 3585 lege're.
1027 3511 1096 3568 Pari
1120 3508 1211 3568 modo

126 3589 302 3668 ὀρφανικῶν
317 3594 443 3674 praetuli
459 3587 768 3672 vulgatae'sippavaiv.
792 3592 920 3652 Celebris
933 3594 965 3652 in
979 3591 1090 3651 sobolis
1105 3595 1213 3652 Gram-

126 3678 303 3737 maticorum
325 3677 375 3735 laic
392 3679 476 3736 locus
492 3688 544 3737 est.
568 3677 666 3737 Citant
682 3699 748 3738 eum
763 3676 940 3756 Harpocret.
956 3677 986 3735 in
999 3682 1162 3757 κληροῦχοι
1181 3680 1217 3739 et*

126 3756 292 3822 κοινωνικοὶ
309 3759 350 3842 (v.
367 3761 462 3820 Valeo.
484 3783 514 3840 p·
536 3767 604 3825 111.
624 3764 671 3822 ed.
694 3760 837 3842 Gronov.)
854 3770 884 3821 et
900 3761 1007 3820 Pollux
1027 3765 1065 3832 8,
1092 3764 1163 3826 184.
1183 3766 1215 3820 et

129 3851 199 3911 136.
216 3845 246 3902 in
259 3844 423 3908 κοινωνικοὶ
445 3838 580 3923 χρήματα
598 3856 628 3905 et
646 3841 826 3925 κληρουχικιλ
845 3841 987 3924 χρήματα.
1011 3844 1071 3901 Cur
1084 3845 1213 3920 virginae

127 3930 244 3987 nubiles
259 3949 326 3988 cum
339 3930 523 4008 patrimoniis
538 3930 675 4003 relictae,
691 3951 747 3991 cur
760 3930 825 3989 orbi
839 3929 971 3988 nondum
983 3929 1113 4007 puberes
1132 3929 1213 4003 santi,

129 4033 181 4071 cur
200 4013 278 4071 cives
294 4025 377 4072 extra
399 4014 503 4072 urbem
518 4016 549 4071 in
571 4015 696 4075 eoloniis
719 4025 839 4096 agentes
855 4013 937 4088 sungi
957 4012 989 4070 in
1006 4012 1081 4071 urbe
1106 4013 1241 4085 munita,

128 4097 305 4156 militaribus
322 4107 351 4156 et
372 4118 452 4156 arma
475 4117 575 4174 gerere
592 4103 770 4179 corporibus
786 4099 847 4158 suis
868 4105 1032 4173 nequeant,
1052 4096 1216 4176 interprete

127 4203 188 4241 non
205 4191 286 4258 eget,
307 4201 362 4259 per
377 4202 407 4240 se
422 4182 544 4260 planum
563 4193 616 4245 est.
637 4184 678 4245 At
696 4212 753 4263 eur
768 4180 883 4249 'exemti
899 4179 957 4237 sint
971 4177 1091 4258 σῶριιιο
1107 4202 1217 4243 κοινο-

128 4261 216 4343 νικιλ,
235 4286 296 4324 non
315 4262 438 4343 perinde
456 4275 559 4345 paret,
579 4266 639 4331 hoe
656 4287 705 4348 est
719 4286 836 4359 1⁴1th
854 4262 1062 4345 patrimonium
1080 4263 1219 4328 relietum
