2768 4724
41 238 52 333 ‘.
149 226 194 291 ea
319 268 324 279 .
450 206 911 315 -nnteaarronne

23 402 28 411 ·
106 445 108 449 .
149 390 210 454 an
232 388 446 458 uomens
467 393 523 459 aa
543 386 840 467 ntenreieos
860 387 1023 467 νικος,
1045 352 1254 471 viennen
1320 392 1325 404 ¹

148 494 208 559 na
249 493 561 554 eunomiae
601 491 970 567 preeminens,
1008 486 1256 553 ninnicnu

148 594 545 669 nnexnrnennnn,
568 592 982 653 ennasaornonan
1000 591 1255 655 aeramen.

149 692 1256 786 nnn,anunvaaos,.eainconsennsteeaneann

148 799 393 863 murinae
412 795 734 857 anensannnn
750 794 1087 870 nnrnanrcea,
1108 792 1270 857 nonn·
1320 870 1323 875 ¹

148 902 243 964 nos
264 902 321 962 ec
341 896 602 961 antennas
624 896 787 959 sanni
808 890 1253 959 onsnnvenern'eo-
1307 878 1313 893 ‘

148 996 1255 1090 nnna0s‚n1anonrn1wanerrannenosannnen

297 1100 354 1163 nn
374 1099 663 1164 enscmnen
694 1098 1106 1179 ennecoaeanees

513 1200 840 1265 fraternam.
956 1220 972 1253 ·.

89 1372 92 1377 ξ
141 1376 145 1381 ’
212 1393 245 1452 si
267 1397 352 1451 tenta
381 1358 461 1451 aaiat
481 1387 573 1450 inme
586 1370 729 1467 'eapientia
743 1387 930 1469 eloquentiae
943 1387 1162 1471 facultaqzviri
1182 1408 1254 1447 ant·-

38 1545 40 1549 .
149 1493 296 1575 plieeimi,
324 1491 439 1552 demini
460 1500 491 1551 et
503 1491 624 1573 patroni
646 1491 785 1566 calendi,
808 1500 954 1570 quantuni
975 1488 1069 1549 studii
1092 1500 1123 1551 et
1141 1489 1253 1550 labaria

148 1597 186 1657 al>
210 1597 332 1656 ineunte
352 1602 449 1653 aetate
468 1593 500 1651 in
530 1591 613 1651 hunc
638 1610 734 1670 neque
761 1591 842 1679 ‹liem
866 1591 1003 1651 ceriferae
1032 1590 1066 1649 in
1092 1610 1156 1650 eam
1183 1610 1249 1651 rem

147 1716 302 1776 nunquam
329 1693 446 1768 destiti,
472 1691 546 1751 nihil
574 1694 658 1772 priua
680 1692 754 1753 mini
775 1702 866 1767 eaaet,
904 1701 957 1751 aut
973 1691 1066 1768 magia
1087 1712 1127 1751 ex
1148 1692 1249 1761 officia

48 1804 63 1830 N
148 1818 226 1874 naeu,
247 1816 338 1876 quern
361 1804 493 1855 vestram
514 1813 651 1872 engaine
671 1792 896 1853 beneficentiam
917 1793 1086 1865 celebrare,
1109 1801 1140 1852 et
1159 1793 1249 1855 inatie

148 1901 259 1960 efferre
280 1892 422 1957 laudiltna
446 1913 516 1954 cuna
535 1914 607 1971 vae,
633 1906 700 1957 tuan
716 1895 945 1977 llernpublicam
965 1901 1105 1961 nestram.
1146 1894 1246 1969 Nunc,

148 2021 220 2061 euna
235 1998 381 2079 sapientia
392 1997 449 2056 Ilei
466 1997 579 2057 denum
596 1997 645 2071 ait,
667 2006 697 2057 et
718 2006 862 2072 aratores,
884 2006 921 2057 ut
932 2005 963 2055 et
974 2001 1092 2074 poetae,
1112 2014 1174 2055 nan
1186 2003 1250 2057 naa

146 2100 239 2176 liant,
266 2119 358 2179 qnam
376 2107 558 2174 nascantur,
584 2118 652 2158 meo
675 2084 724 2157 me
743 2098 792 2176 (ut
810 2099 975 2179 prudenter
994 2095 1139 2158 tenatiae
1157 2118 1249 2178 prae·-

148 2201 245 2286 eepit)
269 2200 393 2282 modulo
413 2219 450 2261 ae
467 2200 548 2279 pede
571 2200 714 2274 metiens,
735 2199 811 2261 nihil
830 2201 891 2261 tale
913 2198 1017 2259 caneri
1034 2198 1149 2259 audeo:
1177 2220 1249 2261 cunr

145 2303 323 2385 praeaertim
339 2310 440 2363 ,veatae
457 2300 542 2375 urba,
562 2309 629 2361 tata
643 2310 794 2365 tanarum
804 2301 879 2361 erbe
892 2301 1031 2377 celebria,
1052 2320 1150 2381 neque
1161 2305 1247 2378 maia,

144 2416 244 2493 neque
266 2403 442 2480 euiuaqnena
462 2400 585 2461 alteriue
604 2402 773 2482 praeconiis
797 2412 896 2481 egeat,
925 2412 957 2463 et
975 2422 1046 2481 voa,
1067 2426 1128 2487 pre
1144 2418 1247 2469 veatae

145 2504 301 2585 aapientia‚
325 2523 443 2563 amarem
465 2502 558 2563 officii
579 2504 711 2564 fanetum
731 2503 833 2583 ipsum
849 2505 982 2565 alliciam
993 2509 1149 2586 praeclare
1164 2509 1247 2570 iudi·

146 2607 231 2667 eetin
273 2604 354 2663 lllud
377 2615 494 2664 tantum
515 2605 594 2680 dico,
615 2616 719 2684 vestra
737 2605 917 2667 liberalitate
936 2617 967 2666 et
985 2607 1187 2669 munificentia
1211 2610 1245 2670 id

144 2707 219 2771 nihi
236 2705 413 2784 contigieee,
434 2706 520 2784 quad
532 2707 569 2766 ab
580 2708 703 2768 ineunte
719 2715 814 2767 aetate
828 2727 902 2786 prae
914 2707 981 2766 aliie
992 2709 1082 2769 rebus
1104 2711 1243 2771 omnibu·

86 2792 94 2801 ’
143 2808 175 2869 in
188 2807 268 2869 vatia
282 2826 400 2886 aamper
412 2806 516 2885 habui,
539 2810 635 2869 atium
647 2806 903 2889 ptnlaaaphieam:
923 2809 957 2868 in
974 2829 1034 2888 qna
1045 2831 1102 2870 nec
1115 2810 1244 2873 haneeta

145 2909 272 2983 deerret,
295 2917 325 2967 et
344 2908 475 2987 publice,
496 2918 532 2968 nt
547 2930 647 2990 apere,
668 2909 754 2969 utilia
774 2911 927 2989 augendae
941 2911 1154 2991 aeneadaeque
1163 2913 1244 2973 illa-

143 3013 215 3072 ania
226 2982 434 3071 Bilrliothecae
449 3020 568 3072 venerae
584 3021 614 3080 et
635 3009 758 3071 schalae
772 3011 815 3084 (in
833 3030 923 3089 quam
937 3031 999 3070 nan
1013 3014 1138 3089 exiguae
1155 3032 1243 3074 aum·
1306 3072 1310 3077 .

143 3121 193 3173 tue
224 3110 344 3186 facitis)
369 3132 427 3192 pra
449 3114 533 3184 virili
554 3133 619 3174 mea
639 3111 769 3171 tuendae
795 3120 827 3172 et
853 3110 1032 3171 adimendae
1068 3119 1241 3199 occupatio,

141 3232 242 3292 neque
261 3213 374 3273 calama
391 3223 422 3275 et
436 3215 559 3296 scriptia
575 3214 745 3294 camplarea
758 3232 815 3292 per
827 3212 980 3292 Europam
995 3213 1146 3279 etudiaaoa
1160 3219 1245 3282 ede·.

99 3304 105 3317 ’
142 3315 289 3375 leeeentea
304 3314 461 3375 erudiendi
473 3315 601 3375 oceania.
643 3316 738 3376 ltlulta
757 3323 830 3374 aunt
847 3316 965 3393 egregia
976 3326 1095 3377 vertrae
1108 3318 1241 3396 eivitatia

142 3425 333 3476 ornamenta:
353 3418 533 3497 Respublica
556 3416 732 3495 aequissime
754 3424 785 3476 et
808 3416 1041 3495 prudentieaime
1062 3421 1239 3483 eonatitute:
1320 3416 1325 3429 '

140 3517 266 3598 publiea
288 3518 466 3605 privataque
484 3516 713 3596 magaulicentia,
734 3514 935 3596 haapitalitaa,
955 3520 1119 3597 urbanitas,
1141 3524 1240 3587 bene-

138 3618 259 3678 ficentia
282 3618 316 3679 in
340 3621 422 3681 eivea
444 3618 615 3680 tenuiaaea:
637 3617 675 3677 de
693 3618 831 3680 omuibus
850 3619 1080 3683 benemerendi
1093 3613 1238 3701 eternium,

139 3719 278 3782 laedendi
296 3720 458 3792 neminem,
492 3719 551 3779 niai
576 3718 627 3778 via
655 3719 860 3800 prepulaanda
884 3723 937 3796 ait:
967 3734 1073 3787 cantra
1099 3744 1189 3804 quem
1206 3735 1238 3787 et

138 3821 304 3896 aneensem,
327 3828 357 3879 et
378 3819 506 3895 auxiliis,
529 3830 559 3880 et
581 3831 764 3898 commeatu,
789 3831 820 3882 et
840 3823 921 3882 omni
943 3844 1095 3885 armorum
1116 3843 1236 3903 genere,

136 3922 180 3983 ite
196 3921 296 4003 parati
317 3929 348 3979 et
366 3919 474 3981 muniti
488 3922 569 4001 eatia,
591 3931 627 3982 ut
640 3943 738 4003 neque
748 3922 900 3982 lacerantis
914 3942 1094 4001 quenquam,
1117 3935 1147 3984 et
1158 3924 1235 3989 nihil
1305 3990 1312 4013 ‚

136 4026 251 4104 magia,
288 4040 378 4102 quam
401 4040 524 4101 pacem,
563 4026 769 4099 concordiam,
797 4024 1059 4101 tranquillitatem,
1087 4025 1236 4088 banorum

137 4125 268 4185 amnium
284 4122 446 4183 amicitiem
458 4124 537 4183 vatia
560 4145 595 4184 ae
613 4125 781 4205 precibuea
794 4124 857 4182 Deo
875 4124 946 4203 Opt.
968 4124 1048 4189 Μαι.
1074 4128 1230 4208 expetatia.

134 4227 220 4300 Que
238 4226 359 4286 tametai
380 4223 540 4299 excellunt,
563 4235 594 4287 et
612 4244 703 4306 magn
724 4226 936 4307 incurrentia
958 4227 1091 4292 cuiuaria
1110 4231 1228 4309 generia
