2768 4724
274 231 331 293 AD
359 227 491 293 ORAT.
518 225 832 335 91111Ηο11108.
853 224 1042 294 LIBERT.
1133 235 1197 297 809
1225 286 1229 293 .

114 395 248 464 λεπόντό
260 394 377 474 διδάξαι
388 400 480 460 Paris.
496 399 628 480 primas,
650 395 724 475 sug.
741 399 865 477 primus.
885 393 1013 478 χαλεπόν
1029 424 1060 465 τε
1079 397 1196 479 diditus

115 485 222 543 Aldina
234 485 365 564 Taylori.
398 485 562 544 Articulum
577 482 677 541 addidi
695 485 732 542 ob
745 485 902 562 insequens
914 479 947 546 sd
960 491 1060 549 πεῖσαι
1074 508 1105 568 p.
1124 493 1195 566 191,

115 574 145 631 2.
160 589 302 717 Β11181111.
324 673 354 711 v.
379 658 407 716 1.
432 647 481 730 ὦς]
505 644 540 714 οὗ
558 636 729 710 Bavarieus.
758 652 847 712 Forte
871 653 914 712 sie
934 655 1032 713 voluit
1052 653 1136 713 dere:
1154 687 1197 702 -

114 729 201 813 ὖμᾶς.
220 731 266 800 oii.
280 746 314 795 ut
327 735 387 794 hoc
401 731 439 798 aii
453 736 602 814 peculiare
618 737 710 794 veluti
726 737 813 794 colon
829 739 995 797 constituat.
1032 738 1101 797 Non
1121 736 1198 800 duxi

114 841 244 960 agappa-rra-
261 818 387 962 ellip‘pips'le
398 841 554 879 assuerum
567 816 676 879 docere.
699 819 778 880 Non.
802 816 843 895 oie
857 817 914 905 peip
929 817 1029 895 ἅπλῶς
1042 816 1197 886 elmete-⁶,

179 1005 210 1061 P·
235 1010 304 1068 191.
327 1023 357 1063 v.
381 1008 411 1066 1.
440 996 483 1076 ὥς
501 997 558 1084 γὰρ
580 971 682 1076 dalaia
704 982 820 1084 alneis]
843 1005 922 1065 Alias
947 1000 987 1083 ὥς
1010 1008 1081 1082 ἔπος
1104 1009 1199 1072 εἰπεῖν

117 1087 219 1146 eodem
236 1104 332 1146 sensu.
345 1106 444 1146 vvoar.
916 1096 920 1104 ·

179 1174 210 1234 P.
236 1178 304 1237 191.
326 1190 355 1228 v.
381 1178 407 1232 1.
435 1163 535 1239 ἅπλῶς
558 1168 668 1248 εἰπεῖν]
691 1172 778 1247 Vulg.
799 1173 893 1236 εἰπεῖν
921 1171 1030 1251 ἅπλῶς.
1074 1177 1200 1236 luvertit

116 1253 191 1332 Aug.
206 1258 329 1334 primus.
341 1273 437 1312 uersa.
460 1254 554 1313 εἰπεῖν
570 1247 671 1326 ἅπλῶς
686 1256 812 1314 Behker.
831 1277 987 1319 senseras.

179 1357 211 1413 Ρ.
238 1358 309 1418 191.
331 1372 362 1412 V.
386 1358 413 1416 1.
427 1346 895 1439 ἐγνωκότεςὗπᾶρχειν]ὖπᾶρχειν
907 1355 1211 1440 ἔγνωκότεςΒεΗιετ.-

116 1458 273 1496 senseras.
739 1482 743 1490 .

179 1540 211 1596 P.
236 1543 305 1602 191.
326 1558 355 1598 v·
375 1544 405 1603 2.
428 1541 527 1599 πεῖσαι
542 1532 695 1618 πράττειν]
713 1538 798 1617 vulg.
813 1535 952 1619 nodatur
965 1548 1074 1606 πεῖσαι.
1095 1544 1201 1603 luver-

117 1621 155 1679 111
169 1641 272 1679 rursus
287 1622 359 1700 Aug.
375 1623 505 1701 primus,
537 1641 624 1699 quern
640 1625 771 1682 ordinem
787 1626 925 1702 praetuli.
943 1645 1038 1686 uersa.
1060 1625 1201 1709 πράττειν
1227 1659 1229 1663 ·

116 1713 215 1767 πεῖσαι
227 1707 353 1764 Bahker.
375 1707 527 1791 Assentior
540 1706 668 1764 lteiskio.
686 1728 844 1767 cessasses.
890 1722 893 1727 ’

180 1809 212 1865 Ρ.
238 1813 307 1872 191.
330 1827 359 1865 v.
382 1814 411 1872 3.
434 1802 521 1885 τότε]
549 1806 672 1867 Addunt
697 1809 789 1869 Paris.
815 1808 945 1890 primus,
975 1809 1048 1890 Aug.
1071 1812 1199 1893 primus,

116 1890 226 1949 Aldina
240 1891 370 1969 Taylori.
391 1890 511 1949 Addidi.
526 1910 621 1950 uersa.

180 1995 212 2051 P.
237 1998 306 2057 191.
329 2012 359 2049 v.
381 1999 411 2057 3.
439 1991 602 2069 τοσοῦτον]
631 1992 702 2052 Cod.
728 1994 819 2052 Belck.
840 1996 923 2057 ioov:
947 1997 1028 2072 quod
1051 2017 1117 2064 cum
1142 1997 1201 2054 ali-

119 2086 228 2153 quanto
250 2075 431 2136 reconditius
455 2074 509 2148 sit,
530 2075 691 2134 videndum
710 2097 748 2135 ne
768 2077 876 2136 Orator
892 2079 1016 2138 dederit.
1045 2081 1201 2161 Euripides

118 2160 180 2218 lon.
209 2166 298 2225 1362.
322 2157 426 2218 llatth.
448 2159 530 2220 ἴσον
549 2154 606 2240 γάρ
622 2154 647 2222 σ’
665 2155 712 2232 ὦς
729 2155 844 2224 τεκοῦσ’
867 2156 1046 2238 ἀσπάζομαι.
1070 2183 1125 2241 pro
1140 2183 1201 2241 quo

31 2295 34 2301 .
118 2247 184 2306 ἴσον
207 2240 256 2307 dae
283 2245 362 2302 idem
379 2243 465 2307 llere.
485 2243 553 2303 Fur.
575 2245 644 2309 655.
673 2244 808 2304 Incertus
829 2248 1010 2324 scriptor'in
1041 2247 1151 2324 Eryxia
1174 2267 1201 2306 e.

117 2334 168 2392 29.
191 2324 372 2407 aucupanda
388 2319 416 2388 δ’
425 2320 518 2388 adeda
533 2321 588 2407 lyei
607 2323 944 2405 &sidoniensium
968 2324 1061 2410 ὅπερ
1083 2327 1136 2404 aiv,
1168 2325 1203 2393 ‘cd

116 2408 290 2493 λεγόμενον,
313 2413 401 2472 λίθον
423 2410 545 2486 {priona
565 2419 598 2468 ut
619 2410 702 2469 loeus
724 2412 986 2489 interpungendus.
1000 2411 1027 2494 *)
1064 2409 1204 2473 81111111-

116 2518 180 2555 ram
195 2498 348 2571 vulgarem
366 2503 395 2550 et
414 2492 493 2550 harro
513 2493 741 2551 reconditiorem
763 2495 886 2571 iungens
910 2496 1070 2575 Sophocles
1092 2496 1201 2559 Electr.

117 2571 473 2644 53111110111111
495 2571 596 2652 sepeio
619 2575 709 2651 ἐμοὶ
731 2571 841 2652 λύπης,
864 2573 912 2640 ὅτ’
936 2574 1058 2654 ἔσπειρ’,
1081 2577 1202 2661 ὥσπερ

10 2701 22 2711 ,
117 2655 278 2738 eislsrovo'
293 2655 359 2740 lyei.
383 2658 521 2736 adquam
541 2659 640 2715 locum
659 2654 733 2716 haec
756 2661 877 2738 scripsi:
899 2662 1109 2738 „Constructio
1133 2664 1203 2722 satis

118 2747 256 2803 insoleus.
278 2744 322 2800 Ex
330 2742 432 2819 regula
446 2744 612 2820 scripturus
626 2751 703 2800 erate
727 2742 792 2820 ἐμοὶ
805 2750 841 2826 τῇ
853 2740 1021 2824 sausoiopf‘
1044 2745 1120 2802 Vere
1129 2744 1205 2806 haec

119 2830 228 2906 scripta
243 2828 412 2885 etiamnunc
426 2846 508 2898 reor,
529 2845 694 2903 parumque
715 2827 862 2902 intelligo,
889 2848 942 2885 cur
957 2827 1124 2886 Hermanno
1139 2831 1206 2891 visa
1285 2875 1290 2884 .

119 2918 177 2972 sint
194 2911 387 2969 correctionis
402 2929 500 2984 egere:
522 2911 653 2966 voluisse
681 2912 757 2967 enim
773 2911 870 2968 virum
893 2911 1086 2970 clarissimum
1108 2913 1205 2987 10111,-

120 3018 187 3074 gere
202 2995 299 3071 capuit
314 2997 370 3069 quel
386 2994 482 3072 primi
496 2994 592 3050 utitur
610 2995 741 3051 censoria
762 2994 870 3052 vocula
891 2996 1034 3069 „lmmo“.
1064 2997 1121 3055 Sed
1144 3015 1204 3074 quo

14 3094 18 3101 ’
120 3081 226 3138 melius
245 3078 390 3153 intelligas
417 3077 647 3135 constructionis
666 3077 869 3150 insolentiam,
899 3080 1046 3158 po'e'ticam
1069 3081 1206 3138 enuntia-

118 3167 229 3224 tionem
249 3162 365 3221 resolve
387 3163 418 3219 in
437 3162 619 3239 prosaicam:
648 3153 703 3224 cdx
731 3163 799 3221 ἴσον
818 3157 922 3239 saucia
943 3164 975 3224 ἐν
996 3166 1038 3243 τῷ
1059 3165 1204 3240 σπείρειν,

120 3247 217 3326 ὥσπερ
232 3243 288 3328 ἐγώ
304 3246 336 3306 ἒν
353 3250 392 3329 τῷ
407 3248 520 3306 τίκτειν.
542 3241 623 3303 llaec
643 3246 680 3303 de
696 3245 860 3322 syntectica
881 3246 940 3304 loci
959 3247 1091 3322 ratione,
1116 3267 1207 3324 quam

118 3336 150 3393 in
165 3343 236 3392 nota
254 3332 342 3388 citata
360 3329 450 3388 solam
467 3329 608 3407 spectavi.
637 3330 687 3387 Sin
705 3331 805 3388 locum
827 3330 941 3388 rimeris
958 3330 1102 3407 penitius,
1124 3331 1205 3389 inso-

119 3418 225 3477 lentiae
249 3415 431 3491 syntacticae
452 3433 571 3473 eausam
592 3411 678 3473 sacile
700 3415 870 3493 perspicias.
905 3415 978 3474 Cum
1005 3413 1083 3473 enim
1103 3433 1205 3489 sensus

170 3585 195 3651 *)
213 3583 278 3633 Tria
291 3582 360 3631 haec
376 3576 455 3642 loca,
476 3593 545 3645 qliae
560 3577 588 3626 in
602 3575 708 3628 schedis
725 3570 830 3628 dudum
843 3587 939 3630 notata
951 3579 1118 3644 habueram,
1137 3579 1206 3646 petii

224 3666 256 3701 ex
276 3648 389 3716 anglica
405 3646 523 3696 editione
545 3645 676 3696 Thesauri
692 3646 862 3712 Stephanici,
887 3646 948 3712 uhi,
970 3656 1002 3698 ut
1022 3648 1115 3698 omnia
1133 3664 1206 3711 mea,

219 3720 306 3771 instar
324 3713 471 3783 'farraginis
489 3712 602 3780 profusa
619 3713 757 3782 leguntur.
791 3714 874 3766 Rudis
899 3715 1103 3784 indigestaeque
1126 3714 1207 3765 molis

184 3791 189 3803 ·
223 3786 333 3856 culpam
356 3783 436 3851 aequi
455 3781 573 3832 lectores
592 3798 643 3832 nec
662 3779 730 3831 mihi
749 3781 940 3861 impumbunt,
971 3783 1018 3850 qui
1032 3782 1157 3850 proprios
1177 3782 1207 3837 iu

223 3872 300 3920 assiu,
320 3855 349 3904 ut
372 3851 429 3901 fors
454 3849 576 3913 ferebat,
606 3866 841 3914 coacervaverim,
869 3868 921 3902 nec
943 3850 1075 3900 Theseum
1094 3850 1207 3901 editori-

222 3924 287 3986 bus,
335 3937 374 3971 scs
387 3916 551 3969 redemtoris
571 3918 691 3969 rationes
707 3919 850 3988 coigerim
866 3921 905 3970 ita
923 3918 1066 3982 festinare,
1085 3928 1116 3971 ut
1130 3919 1207 3988 dige-

223 3991 303 4042 rendi
327 3991 440 4043 ahorem
454 3986 591 4053 savaeipere
606 4002 662 4038 nan
674 3995 791 4055 possent.
822 3989 950 4038 Ceterum
961 3987 1088 4056 legantur
1106 4003 1208 4055 111111

223 4078 268 4110 me
290 4058 324 4110 ad
346 4055 551 4119 Noehdenium,
576 4053 666 4106 virum
688 4057 839 4124 optimum,
866 4055 989 4122 pluribus
1010 4054 1110 4106 abhinc
1130 4054 1208 4117 111111

223 4129 326 4195 scripta
337 4135 364 4179 et
377 4126 412 4181 ab
427 4124 482 4176 hoc
495 4140 559 4175 eum
573 4119 679 4195 Vulpy‘o
692 4123 898 4177 communicata
908 4123 1030 4193 vulgavit
1043 4128 1088 4175 the
1104 4127 1209 4176 Adver-

223 4203 346 4249 u'aemene
359 4211 386 4246 ro
399 4196 450 4249 No.
468 4197 520 4248 tx.
541 4193 576 4267 of
586 4197 731 4269 Stephens'
749 4194 837 4248 Greek
853 4195 1001 4247 Theaetetus
1019 4207 1047 4261 p.
1065 4191 1091 4246 3.
1110 4189 1208 4281 1012.
1291 4237 1295 4243 .
1370 4178 1374 4188 ’

222 4279 369 4319 acumen.
