2768 4724
181 206 258 283 lt
381 211 430 247 ’·
498 215 931 290 reseraverunt
990 236 1000 271 -·

51 424 71 459 ,-
147 458 151 465 ,
178 408 323 469 gressuum
345 411 416 453 oum
428 390 556 453 maxime
569 393 705 457 fervebat
721 392 846 466 animus,
866 389 998 467 emedio
1013 394 1194 475 plennnqus
1208 400 1275 459 rel-
1316 452 1320 461 .
1351 457 1354 463 ,

113 556 120 575 ,Ι
179 494 228 553 uti
253 514 347 555 eursu
366 503 540 569 revocaret,
564 513 636 555 oum
653 513 715 554 aon
735 502 771 553 ut
791 493 1006 561 Demosthenes
1024 495 1056 555 in
1078 498 1274 562 subterraneo

180 615 276 676 specu
304 595 425 656 abditus
452 596 594 670 laterem,
620 594 673 655 sed
701 595 823 655 inloto
846 595 1103 660 turbulentiisimo
1126 620 1277 679 versarer,¹

180 698 265 773 adeo,
294 707 332 758 nt
351 696 503 758 interdum
526 716 603 776 pens
622 695 868 757 obsurdescam
888 699 1018 777 strepitu
1039 708 1071 759 et
1091 700 1274 762 clamoribus

177 798 349 860 bominum:
377 819 439 860 non
456 797 594 877 pluribus
615 807 713 857 umen
734 799 897 858 mensibus·
909 793 956 879 (id
980 799 1063 877 quod
1082 803 1274 863 convictores

177 902 246 963 mei·
255 912 287 962 et
302 901 463 961 familiares
482 920 546 959 non
561 901 650 979 pauei
667 898 793 981 nerunt)
812 909 910 961 totum
924 899 1018 959 latine
1030 904 1276 982 eonemipsiille-

176 1002 363 1064 mosthenem
376 1002 414 1060 ab
426 1000 511 1060 initio
525 1021 624 1081 usqne
643 1001 792 1074 adfinem,
815 1020 905 1079 quam
922 1001 973 1079 qui
988 1001 1019 1061 in
1032 1012 1080 1062 tot
1096 1006 1275 1085 occupatio·
1319 1070 1347 1109 ι
1364 998 1368 1003 ’

177 1104 266 1165 nrbm
286 1104 325 1163 sd
347 1104 505 1180 diligenter
526 1104 742 1182 perlegendum
760 1105 963 1183 requirentur.
1008 1104 1109 1178 Quare
1124 1107 1210 1169 beuti·
1223 1109 1275 1167 isti

178 1217 213 1267 et·
221 1206 320 1281 otiosi,
343 1205 405 1284 qui,
428 1203 564 1276 sinnam
578 1214 668 1284 atque
682 1206 807 1264 alteram
816 1203 1035 1282 Demosthenis,
1056 1218 1111 1268 sut
1123 1208 1271 1284 Isocratis,
1367 1262 1372 1272 .

177 1309 342 1370 aliorumve
356 1308 540 1386 scriptorum
552 1307 780 1381 oratiunculam,
802 1306 938 1385 longiore
951 1309 1042 1369 etism
1052 1311 1161 1389 spatio,
1183 1329 1274 1388 quam

177 1409 330 1490 elephanti
344 1409 483 1487 pariunt,
506 1410 711 1469 elucubratam
729 1408 886 1487 ediderint,
909 1410 952 1469 dii
968 1410 1027 1469 sibi
1040 1410 1273 1485 videnturnini-

176 1510 277 1590 quiin
299 1530 347 1570 me
369 1509 484 1570 iudices
498 1532 561 1570 esee
576 1526 638 1570 non
652 1510 812 1571 debebunt.
853 1511 1019 1587 egoenim,
1042 1513 1068 1573 ei
1083 1513 1205 1575 fortuna
1214 1532 1272 1592 ps-

174 1622 300 1688 teretur,
323 1626 428 1673 eorum
450 1611 621 1672 tarditatem
637 1613 749 1673 imitari
761 1613 850 1673 facile
862 1632 994 1691 possemz
1016 1615 1077 1693 ipsi
1088 1635 1184 1676 msam
1197 1634 1273 1694 pro·
1284 1662 1298 1669 -

159 1694 361 1796 ¹perationem
375 1712 502 1775 tonsus
519 1734 580 1773 non
600 1715 797 1775 imitarentur.
814 1738 817 1745 ·
846 1714 950 1793 Neque
971 1714 1047 1781 haee
1066 1716 1273 1781 ostentationis

176 1837 268 1878 eausa
282 1815 363 1889 dico,
382 1813 492 1895 (neque
508 1817 588 1875 enim
600 1816 712 1891 neseio,
733 1837 796 1876 non
808 1825 872 1877 tam
885 1817 1045 1881 celeritatis
1059 1837 1124 1878 esse
1138 1815 1270 1892 leudem,

176 1938 265 2001 quem
284 1915 451 1997 bonitatis,)
473 1917 528 1978 sed
549 1918 724 1979 adveniam
747 1918 896 1978 duntaxat
915 1919 1031 1987 facilius
1051 1917 1272 1998 imponendam

174 2022 247 2084 volo
258 2020 420 2101 pertinere.
464 2019 525 2079 Cur
546 2020 624 2079 enim
637 2041 700 2079 uon
712 2020 813 2081 malim
826 2021 953 2081 solidam
964 2021 1067 2101 potius
1082 2019 1203 2081 leudem
1214 2040 1271 2104 ex·

172 2132 287 2204 petere,
309 2141 393 2180 mora
414 2121 548 2199 longiore
560 2120 742 2200 interposite,
765 2142 855 2200 quem
870 2123 1042 2201 aliquorum
1053 2121 1270 2203 reprehensio-

173 2224 264 2292 nibns
286 2223 379 2283 nimia
396 2223 584 2282 festinatione
603 2223 675 2283 dere
694 2222 820 2284 locum?
849 2224 927 2283 Sunt
947 2224 1035 2299 enim,
1063 2228 1115 2305 qui
1128 2245 1270 2299 ‘summae

77 2362 79 2365 ·
124 2364 127 2375 ι
173 2326 350 2389 amerinus
365 2344 428 2383 esse
442 2332 592 2400 censeant,
613 2325 699 2385 brevi
718 2335 853 2405 tempore
868 2326 972 2385 conari
993 2347 1154 2406 qumquam
1166 2327 1269 2388 inDe-

172 2426 342 2502 mosthene,
364 2429 451 2485 errius
467 2446 569 2486 omnes
586 2427 734 2487 orationes
750 2427 862 2487 suerint
882 2427 973 2504 longo
988 2438 1125 2509 tempore
1143 2429 1270 2489 medite-

166 2536 233 2590 tas.
277 2529 361 2602 Sunt,
383 2527 437 2606 qui
457 2537 586 2587 aetatem
598 2550 696 2589 msam
707 2528 876 2606 exagitent:
898 2539 977 2605 sunt,
1000 2533 1052 2608 qui
1066 2549 1154 2589 usum
1166 2550 1270 2591 rerum

170 2632 208 2692 in
225 2649 274 2689 me
296 2627 472 2688 deriderent.
522 2628 616 2702 Quasi
637 2650 711 2691 vero
730 2638 783 2690 eut
798 2629 882 2690 idem
901 2630 942 2691 sit
966 2640 1157 2707 convertere,
1183 2633 1269 2709 quod

171 2731 375 2793 eonseribere:
398 2730 452 2789 'aut
464 2724 596 2807 Nestos-,⁴
618 2740 780 2810 antequam
801 2733 861 2790 tria
880 2729 1007 2790 vixieset
1026 2733 1144 2806 secula,
1173 2730 1266 2791 hemo

171 2854 234 2896 non
246 2833 353 2892 inerit:
375 2841 429 2892 aut
441 2832 661 2911 grammaticus,
681 2832 715 2893 in
730 2832 850 2914 optimis
869 2831 1027 2909 utriusque
1049 2833 1167 2910 lingum
1189 2834 1268 2893 ecri-

170 2936 311 3017 ptoribus
319 2935 356 2993 ab
363 2933 485 2992 ineunte
501 2942 639 2993 versatus
646 2944 750 3008 aetate,
762 2951 886 2994 munere
898 2953 954 2993 suo
961 2934 1048 3010 fungi
1055 2942 1193 3012 nequent,
1207 2933 1265 2992 nisi

171 3035 268 3111 idem,
297 3033 546 3113 quemadmodum
567 3033 737 3093 Alexander
756 3035 896 3110 Magnus,
925 3033 1008 3091 orbis
1036 3042 1184 3093 terrarum
1206 3034 1265 3093 im-

97 3133 101 3148 '
169 3136 288 3218 puium
301 3133 537 3196 administranti
556 3132 712 3193 Ridiculae
731 3143 801 3193 sunt
818 3132 988 3193 istiusmodi
1009 3133 1214 3194 eemssefiones
1235 3145 1267 3196 et

169 3239 239 3321 ipss
257 3237 466 3297 malevolentia
483 3235 610 3295 ieiunae.
651 3234 728 3294 Nam
740 3233 817 3295 illud
830 3234 968 3314 profecto
984 3235 1148 3295 nonrelde
1161 3238 1264 3312 metui,

170 3339 289 3418 nequis
305 3337 384 3398 hene
394 3338 479 3398 vslut
492 3333 632 3393 adoream
644 3332 718 3394 milri
730 3337 922 3416 praeriperet.
965 3338 1070 3418 Neque
1084 3337 1164 3397 enirn
1176 3338 1202 3396 is
1219 3347 1264 3398 est

170 3439 394 3513 Demosthenes,
409 3435 470 3514 qui
492 3454 525 3494 se
544 3435 594 3494 vel
616 3435 724 3512 legiab
741 3438 888 3514 omnibus,
909 3440 1023 3501 nedum
1036 3439 1172 3499 converti
1181 3440 1265 3518 pati-

170 3549 248 3602 atur.
291 3541 329 3600 Et
347 3538 400 3617 qui
420 3536 454 3596 id
473 3545 597 3615 possent
611 3536 643 3595 in
655 3537 752 3614 ltalia,
775 3540 882 3616 Gellia,
906 3540 1073 3616 Germania,
1095 3550 1185 3618 etque
1198 3541 1265 3600 aliis

168 3642 348 3714 nationibus,
367 3639 400 3697 iu
419 3639 534 3717 quibus
546 3638 702 3700 literarum
712 3641 812 3703 studia
822 3642 941 3716 florent,
970 3643 1140 3722 complures
1152 3640 1265 3701 eruditi

168 3743 332 3806 maioribus
347 3748 400 3798 aut
413 3738 666 3817 splendidioribus
689 3743 830 3822 occupati
842 3745 944 3817 rebus,
966 3743 1180 3802 scholasticum
1201 3741 1263 3803 boe

169 3854 261 3924 atque
276 3841 350 3901 adeo
367 3841 591 3919 grammaticum
609 3842 829 3924 interpretandi
844 3846 959 3904 Graeca
970 3858 1080 3903 munus
1100 3842 1263 3919 negligunt.

168 3944 231 4005 ssd
250 3942 330 4000 duae
350 3963 397 4002 me
418 3962 467 4001 res
490 3939 681 4007 vehementer
701 3945 879 4007 innitarunt:
900 3962 962 4004 une
976 3953 1079 4004 eatae
1100 3946 1263 4023 praecipue

166 4042 351 4105 valetudinis
364 4042 478 4124 (quam
486 4063 542 4122 per
559 4047 737 4107 servitutem
753 4056 784 4106 et
795 4046 929 4125 inopiam
944 4044 1015 4106 setis
1030 4064 1136 4104 curere
1147 4067 1208 4105 non
1223 4047 1263 4105 li·-

145 4143 229 4229 eet)
255 4153 402 4224 perpetua
422 4146 487 4205 fere
505 4145 712 4220 imbecillitas,
741 4145 868 4225 quaein
888 4144 948 4205 boo
969 4165 1060 4224 opere
1076 4146 1262 4209 laborantem

166 4265 228 4309 non
248 4247 339 4308 mmet
357 4245 389 4304 iu
408 4244 645 4325 desperationem
664 4246 743 4310 vitas
766 4245 904 4309 coniecit·
947 4247 1008 4324 Sis,
1030 4267 1172 4327 quaeres
1186 4246 1262 4307 elios
