<?xml version="1.0" encoding="UTF-8"?>
<!DOCTYPE html PUBLIC "-//W3C//DTD XHTML 1.0 Transitional//EN"
    "http://www.w3.org/TR/xhtml1/DTD/xhtml1-transitional.dtd">
<html xmlns="http://www.w3.org/1999/xhtml" xml:lang="en" lang="en">
 <head>
  <title>
</title>
<meta http-equiv="Content-Type" content="text/html;charset=utf-8" />
  <meta name='ocr-system' content='tesseract 3.04.00' />
  <meta name='ocr-capabilities' content='ocr_page ocr_carea ocr_par ocr_line ocrx_word'/>
</head>
<body>
  <div class='ocr_page' id='page_1' title='image "./demosthenisquae07schgoog/demosthenisquae07schgoog_0161.png"; bbox 0 0 2768 4724; ppageno 0'>
   <div class='ocr_carea' id='block_1_1' title="bbox 302 203 1241 317">
    <p class='ocr_par' dir='ltr' id='par_1_1' title="bbox 302 203 1241 317">
     <span class='ocr_line' id='line_1_1' title="bbox 302 203 1241 317; baseline 0.013 -16"><span class='ocrx_word' id='word_1_1' title='bbox 302 203 366 306; x_wconf 83' lang='lat' dir='ltr'><strong>oe·</strong></span> <span class='ocrx_word' id='word_1_2' title='bbox 388 233 614 303; x_wconf 81' lang='lat' dir='ltr'><strong>onsrrou.</strong></span> <span class='ocrx_word' id='word_1_3' title='bbox 643 236 848 312; x_wconf 77' lang='lat' dir='ltr'><strong>otrnrn.</strong></span> <span class='ocrx_word' id='word_1_4' title='bbox 877 238 1069 306; x_wconf 79' lang='lat' dir='ltr'><strong>caesus.</strong></span> <span class='ocrx_word' id='word_1_5' title='bbox 1177 248 1241 317; x_wconf 77' lang='lat' dir='ltr'><strong>aas</strong></span> 
     </span>
    </p>
   </div>
   <div class='ocr_carea' id='block_1_2' title="bbox 98 407 1345 2925">
    <p class='ocr_par' dir='ltr' id='par_1_2' title="bbox 201 407 1241 496">
     <span class='ocr_line' id='line_1_2' title="bbox 201 407 1241 496; baseline 0.005 -23"><span class='ocrx_word' id='word_1_6' title='bbox 201 407 415 473; x_wconf 72' lang='lat' dir='ltr'><strong>Demosthenes</strong></span> <span class='ocrx_word' id='word_1_7' title='bbox 429 408 536 471; x_wconf 86' lang='lat' dir='ltr'><strong>deinde</strong></span> <span class='ocrx_word' id='word_1_8' title='bbox 546 409 629 473; x_wconf 83' lang='lat' dir='ltr'><strong>aliud</strong></span> <span class='ocrx_word' id='word_1_9' title='bbox 644 408 803 475; x_wconf 82' lang='lat' dir='ltr'><strong>eonsilium</strong></span> <span class='ocrx_word' id='word_1_10' title='bbox 815 409 916 489; x_wconf 77' lang='lat' dir='ltr'><strong>addis,</strong></span> <span class='ocrx_word' id='word_1_11' title='bbox 936 412 1019 494; x_wconf 89' lang='lat' dir='ltr'><strong>quod</strong></span> <span class='ocrx_word' id='word_1_12' title='bbox 1035 414 1062 475; x_wconf 87' lang='lat' dir='ltr'><strong>si</strong></span> <span class='ocrx_word' id='word_1_13' title='bbox 1076 424 1241 496; x_wconf 82' lang='lat' dir='ltr'><strong>sequantur</strong></span> 
     </span>
    </p>

    <p class='ocr_par' dir='ltr' id='par_1_3' title="bbox 104 482 1345 2692">
     <span class='ocr_line' id='line_1_3' title="bbox 104 482 1255 579; baseline 0.003 -18"><span class='ocrx_word' id='word_1_14' title='bbox 104 551 110 561; x_wconf 92' lang='lat'>.</span> <span class='ocrx_word' id='word_1_15' title='bbox 136 499 238 579; x_wconf 81' lang='lat' dir='ltr'><strong>cives,</strong></span> <span class='ocrx_word' id='word_1_16' title='bbox 259 495 456 575; x_wconf 78' lang='lat' dir='ltr'><strong>speratione,</strong></span> <span class='ocrx_word' id='word_1_17' title='bbox 476 505 514 554; x_wconf 88' lang='lat' dir='ltr'><strong>ut</strong></span> <span class='ocrx_word' id='word_1_18' title='bbox 532 495 665 555; x_wconf 84' lang='lat' dir='ltr'><strong>vincent.</strong></span> <span class='ocrx_word' id='word_1_19' title='bbox 709 495 801 569; x_wconf 87' lang='lat' dir='ltr'><strong>Quod</strong></span> <span class='ocrx_word' id='word_1_20' title='bbox 821 496 996 578; x_wconf 86' lang='lat' dir='ltr'><strong>priusquam</strong></span> <span class='ocrx_word' id='word_1_21' title='bbox 1014 499 1074 579; x_wconf 85' lang='lat' dir='ltr'><strong>ipsi</strong></span> <span class='ocrx_word' id='word_1_22' title='bbox 1087 482 1255 565; x_wconf 51' lang='lat' dir='ltr'><strong>examinis.</strong></span> 
     </span>
     <span class='ocr_line' id='line_1_4' title="bbox 136 579 1238 669; baseline 0.008 -31"><span class='ocrx_word' id='word_1_23' title='bbox 136 602 221 657; x_wconf 78' lang='lat' dir='ltr'><strong>mus,</strong></span> <span class='ocrx_word' id='word_1_24' title='bbox 241 579 481 660; x_wconf 84' lang='lat' dir='ltr'><strong>perpendamus,</strong></span> <span class='ocrx_word' id='word_1_25' title='bbox 503 596 581 659; x_wconf 85' lang='lat' dir='ltr'><strong>quae</strong></span> <span class='ocrx_word' id='word_1_26' title='bbox 593 581 762 658; x_wconf 80' lang='lat' dir='ltr'><strong>Riidigertre</strong></span> <span class='ocrx_word' id='word_1_27' title='bbox 781 582 901 642; x_wconf 84' lang='lat' dir='ltr'><strong>attulit:</strong></span> <span class='ocrx_word' id='word_1_28' title='bbox 930 583 1011 658; x_wconf 85' lang='lat' dir='ltr'><strong>„iam</strong></span> <span class='ocrx_word' id='word_1_29' title='bbox 1030 586 1062 651; x_wconf 78' lang='lat' dir='ltr'><strong>in</strong></span> <span class='ocrx_word' id='word_1_30' title='bbox 1079 583 1137 645; x_wconf 88' lang='lat' dir='ltr'><strong>hac</strong></span> <span class='ocrx_word' id='word_1_31' title='bbox 1158 585 1238 669; x_wconf 89' lang='lat' dir='ltr'><strong>(scil.</strong></span> 
     </span>
     <span class='ocr_line' id='line_1_5' title="bbox 137 663 1239 747; baseline 0.005 -22"><span class='ocrx_word' id='word_1_32' title='bbox 137 685 250 747; x_wconf 76' lang='lat' dir='ltr'><strong>„quam</strong></span> <span class='ocrx_word' id='word_1_33' title='bbox 262 685 319 726; x_wconf 86' lang='lat' dir='ltr'><strong>nos</strong></span> <span class='ocrx_word' id='word_1_34' title='bbox 333 667 452 725; x_wconf 85' lang='lat' dir='ltr'><strong>tertiam</strong></span> <span class='ocrx_word' id='word_1_35' title='bbox 463 663 602 745; x_wconf 78' lang='lat' dir='ltr'><strong>iacimus)</strong></span> <span class='ocrx_word' id='word_1_36' title='bbox 626 667 701 724; x_wconf 88' lang='lat' dir='ltr'><strong>etin</strong></span> <span class='ocrx_word' id='word_1_37' title='bbox 717 684 770 741; x_wconf 85' lang='lat' dir='ltr'><strong>ea,</strong></span> <span class='ocrx_word' id='word_1_38' title='bbox 792 682 883 744; x_wconf 84' lang='lat' dir='ltr'><strong>quum</strong></span> <span class='ocrx_word' id='word_1_39' title='bbox 897 667 1057 746; x_wconf 83' lang='lat' dir='ltr'><strong>Dionysius</strong></span> <span class='ocrx_word' id='word_1_40' title='bbox 1078 672 1239 732; x_wconf 85' lang='lat' dir='ltr'><strong>secundem</strong></span> 
     </span>
     <span class='ocr_line' id='line_1_6' title="bbox 137 747 1240 830; baseline 0.005 -19"><span class='ocrx_word' id='word_1_41' title='bbox 137 752 248 828; x_wconf 55' lang='lat' dir='ltr'><strong>„sucin</strong></span> <span class='ocrx_word' id='word_1_42' title='bbox 263 749 392 809; x_wconf 80' lang='lat' dir='ltr'><strong>disserit</strong></span> <span class='ocrx_word' id='word_1_43' title='bbox 411 749 449 810; x_wconf 90' lang='lat' dir='ltr'><strong>de</strong></span> <span class='ocrx_word' id='word_1_44' title='bbox 466 750 595 830; x_wconf 83' lang='lat' dir='ltr'><strong>pecunie</strong></span> <span class='ocrx_word' id='word_1_45' title='bbox 615 747 754 810; x_wconf 76' lang='lat' dir='ltr'><strong>theatrali</strong></span> <span class='ocrx_word' id='word_1_46' title='bbox 773 749 805 808; x_wconf 90' lang='lat' dir='ltr'><strong>in</strong></span> <span class='ocrx_word' id='word_1_47' title='bbox 817 769 906 811; x_wconf 88' lang='lat' dir='ltr'><strong>usum</strong></span> <span class='ocrx_word' id='word_1_48' title='bbox 919 752 1080 813; x_wconf 88' lang='lat' dir='ltr'><strong>militarem</strong></span> <span class='ocrx_word' id='word_1_49' title='bbox 1093 754 1240 817; x_wconf 83' lang='lat' dir='ltr'><strong>adhihen—</strong></span> 
     </span>
     <span class='ocr_line' id='line_1_7' title="bbox 138 829 1340 923; baseline 0.006 -27"><span class='ocrx_word' id='word_1_50' title='bbox 138 836 214 915; x_wconf 80' lang='lat' dir='ltr'><strong>„de,</strong></span> <span class='ocrx_word' id='word_1_51' title='bbox 233 836 294 911; x_wconf 85' lang='lat' dir='ltr'><strong>its,</strong></span> <span class='ocrx_word' id='word_1_52' title='bbox 314 843 351 894; x_wconf 78' lang='lat' dir='ltr'><strong>ut</strong></span> <span class='ocrx_word' id='word_1_53' title='bbox 372 834 420 895; x_wconf 85' lang='grc'><strong>01.</strong></span> <span class='ocrx_word' id='word_1_54' title='bbox 440 833 479 895; x_wconf 89' lang='grc' dir='ltr'><strong>ΙΙ.</strong></span> <span class='ocrx_word' id='word_1_55' title='bbox 503 835 582 910; x_wconf 78' lang='lat'><strong>4,1.</strong></span> <span class='ocrx_word' id='word_1_56' title='bbox 605 834 702 912; x_wconf 88' lang='lat' dir='ltr'><strong>dicat,</strong></span> <span class='ocrx_word' id='word_1_57' title='bbox 724 829 766 916; x_wconf 73' lang='grc' dir='ltr'><strong>μὴ</strong></span> <span class='ocrx_word' id='word_1_58' title='bbox 784 833 979 916; x_wconf 69' lang='grc' dir='ltr'><strong>θαυμάσητε,</strong></span> <span class='ocrx_word' id='word_1_59' title='bbox 1004 831 1045 917; x_wconf 77' lang='grc' dir='ltr'><strong>ἢν</strong></span> <span class='ocrx_word' id='word_1_60' title='bbox 1065 835 1240 923; x_wconf 67' lang='grc' dir='ltr'><strong>παράδοξον</strong></span> <span class='ocrx_word' id='word_1_61' title='bbox 1337 834 1340 839; x_wconf 67' lang='grc'><strong>’</strong></span> 
     </span>
     <span class='ocr_line' id='line_1_8' title="bbox 138 919 1240 1001; baseline -0.004 -14"><span class='ocrx_word' id='word_1_62' title='bbox 138 922 500 999; x_wconf 61' lang='lat' dir='ltr'><strong>„saevissumum</strong></span> <span class='ocrx_word' id='word_1_63' title='bbox 521 919 692 1001; x_wconf 71' lang='grc' dir='ltr'><strong><em>νομοθέτας</em></strong></span> <span class='ocrx_word' id='word_1_64' title='bbox 705 920 875 983; x_wconf 76' lang='grc' dir='ltr'><strong><em>καθίστατε.</em></strong></span> <span class='ocrx_word' id='word_1_65' title='bbox 896 921 944 980; x_wconf 85' lang='grc'><strong>01.</strong></span> <span class='ocrx_word' id='word_1_66' title='bbox 959 919 1012 980; x_wconf 84' lang='grc' dir='ltr'><strong>ΙΙΙ.</strong></span> <span class='ocrx_word' id='word_1_67' title='bbox 1029 926 1059 998; x_wconf 86' lang='grc'><strong>6,</strong></span> <span class='ocrx_word' id='word_1_68' title='bbox 1072 926 1102 988; x_wconf 81' lang='grc'><strong>4.</strong></span> <span class='ocrx_word' id='word_1_69' title='bbox 1118 924 1240 985; x_wconf 84' lang='lat' dir='ltr'><strong>videtur</strong></span> 
     </span>
     <span class='ocr_line' id='line_1_9' title="bbox 138 1000 1241 1087; baseline 0.005 -20"><span class='ocrx_word' id='word_1_70' title='bbox 138 1026 227 1082; x_wconf 89' lang='lat' dir='ltr'><strong>„eam</strong></span> <span class='ocrx_word' id='word_1_71' title='bbox 239 1024 306 1064; x_wconf 88' lang='lat' dir='ltr'><strong>rem</strong></span> <span class='ocrx_word' id='word_1_72' title='bbox 324 1005 384 1062; x_wconf 87' lang='lat' dir='ltr'><strong>iem</strong></span> <span class='ocrx_word' id='word_1_73' title='bbox 400 1004 549 1082; x_wconf 85' lang='lat' dir='ltr'><strong>tetigisse,</strong></span> <span class='ocrx_word' id='word_1_74' title='bbox 573 1004 654 1083; x_wconf 90' lang='lat' dir='ltr'><strong>quod</strong></span> <span class='ocrx_word' id='word_1_75' title='bbox 672 1012 796 1084; x_wconf 87' lang='lat' dir='ltr'><strong>apparet</strong></span> <span class='ocrx_word' id='word_1_76' title='bbox 814 1022 852 1063; x_wconf 84' lang='lat' dir='ltr'><strong>ex</strong></span> <span class='ocrx_word' id='word_1_77' title='bbox 862 1003 910 1065; x_wconf 88' lang='lat' dir='ltr'><strong>his</strong></span> <span class='ocrx_word' id='word_1_78' title='bbox 925 1005 1042 1066; x_wconf 82' lang='lat' dir='ltr'><strong>verbis:</strong></span> <span class='ocrx_word' id='word_1_79' title='bbox 1063 1009 1094 1069; x_wconf 80' lang='lat' dir='ltr'><strong>ei</strong></span> <span class='ocrx_word' id='word_1_80' title='bbox 1106 1000 1178 1087; x_wconf 78' lang='lat' dir='ltr'><strong>edo,</strong></span> <span class='ocrx_word' id='word_1_81' title='bbox 1200 1005 1241 1073; x_wconf 76' lang='lat' dir='ltr'><strong>div</strong></span> 
     </span>
     <span class='ocr_line' id='line_1_10' title="bbox 137 1081 1256 1173; baseline 0.001 -20"><span class='ocrx_word' id='word_1_82' title='bbox 137 1112 206 1167; x_wconf 76' lang='lat' dir='ltr'><strong>„esc</strong></span> <span class='ocrx_word' id='word_1_83' title='bbox 218 1090 319 1169; x_wconf 73' lang='lat' dir='ltr'><strong>eines,</strong></span> <span class='ocrx_word' id='word_1_84' title='bbox 331 1083 371 1151; x_wconf 79' lang='lat' dir='ltr'><strong>od</strong></span> <span class='ocrx_word' id='word_1_85' title='bbox 384 1081 512 1171; x_wconf 69' lang='grc' dir='ltr'><strong>γράφεις</strong></span> <span class='ocrx_word' id='word_1_86' title='bbox 523 1081 612 1152; x_wconf 76' lang='grc' dir='ltr'><strong><em>ταῦτ’</em></strong></span> <span class='ocrx_word' id='word_1_87' title='bbox 627 1085 706 1152; x_wconf 73' lang='grc' dir='ltr'><strong><em>εἶναι</em></strong></span> <span class='ocrx_word' id='word_1_88' title='bbox 720 1085 962 1169; x_wconf 68' lang='grc' dir='ltr'><strong>στρατιωτικάςιι</strong></span> <span class='ocrx_word' id='word_1_89' title='bbox 975 1089 1032 1170; x_wconf 82' lang='grc'><strong>[”]</strong></span> <span class='ocrx_word' id='word_1_90' title='bbox 1060 1090 1155 1154; x_wconf 84' lang='lat' dir='ltr'>Recte</span> <span class='ocrx_word' id='word_1_91' title='bbox 1170 1094 1256 1173; x_wconf 87' lang='lat' dir='ltr'><strong>qui-·</strong></span> 
     </span>
     <span class='ocr_line' id='line_1_11' title="bbox 138 1171 1242 1251; baseline 0.005 -17"><span class='ocrx_word' id='word_1_92' title='bbox 138 1175 206 1235; x_wconf 86' lang='lat' dir='ltr'><strong>dem</strong></span> <span class='ocrx_word' id='word_1_93' title='bbox 220 1172 389 1251; x_wconf 83' lang='lat' dir='ltr'><strong>litidigerus</strong></span> <span class='ocrx_word' id='word_1_94' title='bbox 412 1171 461 1232; x_wconf 88' lang='lat' dir='ltr'><strong>his</strong></span> <span class='ocrx_word' id='word_1_95' title='bbox 476 1173 577 1233; x_wconf 83' lang='lat' dir='ltr'><strong>verbis</strong></span> <span class='ocrx_word' id='word_1_96' title='bbox 599 1172 710 1251; x_wconf 85' lang='lat' dir='ltr'><strong>aliquid</strong></span> <span class='ocrx_word' id='word_1_97' title='bbox 738 1173 834 1231; x_wconf 89' lang='lat' dir='ltr'><strong>inesse</strong></span> <span class='ocrx_word' id='word_1_98' title='bbox 852 1173 948 1249; x_wconf 81' lang='lat' dir='ltr'><strong>vidit,</strong></span> <span class='ocrx_word' id='word_1_99' title='bbox 977 1174 1030 1232; x_wconf 88' lang='lat' dir='ltr'><strong>sed</strong></span> <span class='ocrx_word' id='word_1_100' title='bbox 1054 1178 1155 1237; x_wconf 88' lang='lat' dir='ltr'><strong>malim</strong></span> <span class='ocrx_word' id='word_1_101' title='bbox 1175 1198 1242 1239; x_wconf 88' lang='lat' dir='ltr'><strong>rem</strong></span> 
     </span>
     <span class='ocr_line' id='line_1_12' title="bbox 136 1254 1339 1340; baseline 0.006 -20"><span class='ocrx_word' id='word_1_102' title='bbox 136 1259 237 1320; x_wconf 86' lang='lat' dir='ltr'><strong>miuus</strong></span> <span class='ocrx_word' id='word_1_103' title='bbox 256 1257 391 1318; x_wconf 84' lang='lat' dir='ltr'><strong>breviter</strong></span> <span class='ocrx_word' id='word_1_104' title='bbox 409 1266 578 1319; x_wconf 73' lang='lat' dir='ltr'><strong>tractasset.</strong></span> <span class='ocrx_word' id='word_1_105' title='bbox 626 1257 785 1330; x_wconf 87' lang='lat' dir='ltr'><strong>Quomodo</strong></span> <span class='ocrx_word' id='word_1_106' title='bbox 807 1256 926 1325; x_wconf 79' lang='lat' dir='ltr'><strong>enimc</strong></span> <span class='ocrx_word' id='word_1_107' title='bbox 948 1254 1179 1340; x_wconf 76' lang='lat' dir='ltr'><strong>verbissiodv,</strong></span> <span class='ocrx_word' id='word_1_108' title='bbox 1202 1258 1243 1326; x_wconf 71' lang='lat' dir='ltr'><strong>dir</strong></span> <span class='ocrx_word' id='word_1_109' title='bbox 1278 1280 1279 1283; x_wconf 75' lang='grc'>’</span> <span class='ocrx_word' id='word_1_110' title='bbox 1336 1266 1339 1273; x_wconf 86' lang='grc'><strong>’</strong></span> 
     </span>
     <span class='ocr_line' id='line_1_13' title="bbox 137 1334 1345 1422; baseline -0.001 -15"><span class='ocrx_word' id='word_1_111' title='bbox 137 1366 184 1418; x_wconf 75' lang='grc' dir='ltr'><strong>τις</strong></span> <span class='ocrx_word' id='word_1_112' title='bbox 200 1344 300 1416; x_wconf 75' lang='lat' dir='ltr'><strong>sines,</strong></span> <span class='ocrx_word' id='word_1_113' title='bbox 323 1365 351 1404; x_wconf 80' lang='grc' dir='ltr'><strong>κ.</strong></span> <span class='ocrx_word' id='word_1_114' title='bbox 368 1366 396 1406; x_wconf 79' lang='grc' dir='ltr'><strong>τ.</strong></span> <span class='ocrx_word' id='word_1_115' title='bbox 412 1345 439 1404; x_wconf 77' lang='lat' dir='ltr'><strong>i.</strong></span> <span class='ocrx_word' id='word_1_116' title='bbox 453 1342 538 1420; x_wconf 84' lang='lat' dir='ltr'><strong>ecqui</strong></span> <span class='ocrx_word' id='word_1_117' title='bbox 552 1351 666 1422; x_wconf 89' lang='lat' dir='ltr'><strong>potest,</strong></span> <span class='ocrx_word' id='word_1_118' title='bbox 682 1338 916 1402; x_wconf 73' lang='lat' dir='ltr'><strong>Demosthenem</strong></span> <span class='ocrx_word' id='word_1_119' title='bbox 934 1362 997 1402; x_wconf 87' lang='lat' dir='ltr'><strong>eam</strong></span> <span class='ocrx_word' id='word_1_120' title='bbox 1011 1364 1076 1411; x_wconf 87' lang='lat' dir='ltr'><strong>rem</strong></span> <span class='ocrx_word' id='word_1_121' title='bbox 1095 1345 1155 1407; x_wconf 86' lang='lat' dir='ltr'><strong>ism</strong></span> <span class='ocrx_word' id='word_1_122' title='bbox 1168 1347 1243 1408; x_wconf 90' lang='lat' dir='ltr'><strong>teti·</strong></span> <span class='ocrx_word' id='word_1_123' title='bbox 1341 1334 1345 1387; x_wconf 75' lang='grc' dir='ltr'><strong><em>Ῑ</em></strong></span> 
     </span>
     <span class='ocr_line' id='line_1_14' title="bbox 137 1426 1242 1509; baseline 0.005 -22"><span class='ocrx_word' id='word_1_124' title='bbox 137 1427 239 1509; x_wconf 50' lang='lat' dir='ltr'><strong>§sset</strong></span> <span class='ocrx_word' id='word_1_125' title='bbox 260 1426 457 1505; x_wconf 84' lang='lat' dir='ltr'><strong>Colligiturne</strong></span> <span class='ocrx_word' id='word_1_126' title='bbox 470 1427 502 1484; x_wconf 91' lang='lat' dir='ltr'><strong>id</strong></span> <span class='ocrx_word' id='word_1_127' title='bbox 514 1427 553 1486; x_wconf 80' lang='lat' dir='ltr'><strong>&#39;ex</strong></span> <span class='ocrx_word' id='word_1_128' title='bbox 566 1431 676 1499; x_wconf 79' lang='grc' dir='ltr'><strong><em>ταῦτα,</em></strong></span> <span class='ocrx_word' id='word_1_129' title='bbox 700 1445 737 1484; x_wconf 88' lang='lat' dir='ltr'><strong>en</strong></span> <span class='ocrx_word' id='word_1_130' title='bbox 756 1434 851 1485; x_wconf 87' lang='lat' dir='ltr'><strong>etota</strong></span> <span class='ocrx_word' id='word_1_131' title='bbox 875 1426 1093 1487; x_wconf 57' lang='lat' dir='ltr'><strong>sententiai-</strong></span> <span class='ocrx_word' id='word_1_132' title='bbox 1111 1430 1152 1492; x_wconf 78' lang='lat' dir='ltr'><strong>At</strong></span> <span class='ocrx_word' id='word_1_133' title='bbox 1167 1452 1242 1491; x_wconf 92' lang='lat' dir='ltr'><strong>con-</strong></span> 
     </span>
     <span class='ocr_line' id='line_1_15' title="bbox 139 1510 1300 1590; baseline 0.003 -17"><span class='ocrx_word' id='word_1_134' title='bbox 139 1522 315 1579; x_wconf 69' lang='lat' dir='ltr'><strong>sentaneum</strong></span> <span class='ocrx_word' id='word_1_135' title='bbox 331 1520 394 1586; x_wconf 89' lang='lat' dir='ltr'><strong>est,</strong></span> <span class='ocrx_word' id='word_1_136' title='bbox 415 1512 589 1570; x_wconf 73' lang='lat' dir='ltr'><strong>sententiam</strong></span> <span class='ocrx_word' id='word_1_137' title='bbox 605 1512 687 1570; x_wconf 90' lang='lat' dir='ltr'><strong>illam</strong></span> <span class='ocrx_word' id='word_1_138' title='bbox 700 1531 760 1570; x_wconf 90' lang='lat' dir='ltr'><strong>non</strong></span> <span class='ocrx_word' id='word_1_139' title='bbox 774 1510 924 1588; x_wconf 86' lang='lat' dir='ltr'><strong>respicere</strong></span> <span class='ocrx_word' id='word_1_140' title='bbox 940 1513 977 1571; x_wconf 87' lang='lat' dir='ltr'><strong>ad</strong></span> <span class='ocrx_word' id='word_1_141' title='bbox 990 1514 1166 1590; x_wconf 86' lang='lat' dir='ltr'><strong>remotiora,</strong></span> <span class='ocrx_word' id='word_1_142' title='bbox 1187 1517 1241 1576; x_wconf 90' lang='lat' dir='ltr'><strong>sed</strong></span> <span class='ocrx_word' id='word_1_143' title='bbox 1296 1538 1300 1545; x_wconf 86' lang='grc'><strong>’</strong></span> 
     </span>
     <span class='ocr_line' id='line_1_16' title="bbox 139 1595 1341 1677; baseline 0.002 -20"><span class='ocrx_word' id='word_1_144' title='bbox 139 1597 180 1657; x_wconf 77' lang='lat' dir='ltr'><strong>sd</strong></span> <span class='ocrx_word' id='word_1_145' title='bbox 190 1597 351 1677; x_wconf 85' lang='lat' dir='ltr'><strong>propiora,</strong></span> <span class='ocrx_word' id='word_1_146' title='bbox 372 1596 475 1675; x_wconf 90' lang='lat' dir='ltr'><strong>itaque</strong></span> <span class='ocrx_word' id='word_1_147' title='bbox 489 1617 550 1654; x_wconf 92' lang='lat' dir='ltr'><strong>non</strong></span> <span class='ocrx_word' id='word_1_148' title='bbox 565 1596 603 1654; x_wconf 88' lang='lat' dir='ltr'><strong>ad</strong></span> <span class='ocrx_word' id='word_1_149' title='bbox 621 1596 785 1655; x_wconf 84' lang='lat' dir='ltr'><strong>orationem</strong></span> <span class='ocrx_word' id='word_1_150' title='bbox 806 1595 983 1673; x_wconf 88' lang='lat' dir='ltr'><strong>secundam,</strong></span> <span class='ocrx_word' id='word_1_151' title='bbox 1006 1597 1111 1657; x_wconf 82' lang='lat' dir='ltr'><strong>esdad</strong></span> <span class='ocrx_word' id='word_1_152' title='bbox 1125 1600 1172 1659; x_wconf 91' lang='lat'><strong>01.</strong></span> <span class='ocrx_word' id='word_1_153' title='bbox 1189 1600 1240 1661; x_wconf 82' lang='grc' dir='ltr'><strong>ΠΙ.</strong></span> <span class='ocrx_word' id='word_1_154' title='bbox 1335 1616 1341 1625; x_wconf 86' lang='grc'><em>·</em></span> 
     </span>
     <span class='ocr_line' id='line_1_17' title="bbox 138 1669 1243 1785; baseline -0.001 -38"><span class='ocrx_word' id='word_1_155' title='bbox 138 1702 180 1785; x_wconf 65' lang='lat'><strong>123</strong></span> <span class='ocrx_word' id='word_1_156' title='bbox 192 1685 241 1747; x_wconf 87' lang='lat'><strong>14.</strong></span> <span class='ocrx_word' id='word_1_157' title='bbox 257 1682 280 1740; x_wconf 79' lang='lat' dir='ltr'><strong>l.</strong></span> <span class='ocrx_word' id='word_1_158' title='bbox 295 1682 326 1746; x_wconf 81' lang='lat'><strong>5·</strong></span> <span class='ocrx_word' id='word_1_159' title='bbox 348 1680 442 1761; x_wconf 66' lang='lat' dir='ltr'><strong>iesse,</strong></span> <span class='ocrx_word' id='word_1_160' title='bbox 455 1669 490 1783; x_wconf 54' lang='lat' dir='ltr'><strong>‚ui</strong></span> <span class='ocrx_word' id='word_1_161' title='bbox 503 1674 611 1777; x_wconf 54' lang='lat' dir='ltr'><strong>{edere</strong></span> <span class='ocrx_word' id='word_1_162' title='bbox 622 1674 807 1760; x_wconf 76' lang='grc' dir='ltr'><strong><em>Ἀθηναῖοι,</em></strong></span> <span class='ocrx_word' id='word_1_163' title='bbox 829 1675 966 1762; x_wconf 75' lang='grc' dir='ltr'><strong><em>χρήματα</em></strong></span> <span class='ocrx_word' id='word_1_164' title='bbox 983 1675 1069 1761; x_wconf 68' lang='grc' dir='ltr'><em>ὑμῖν,</em></span> <span class='ocrx_word' id='word_1_165' title='bbox 1091 1682 1171 1746; x_wconf 67' lang='grc' dir='ltr'><em>ἔστιν</em></span> <span class='ocrx_word' id='word_1_166' title='bbox 1185 1678 1243 1746; x_wconf 80' lang='lat' dir='ltr'><strong>dou</strong></span> 
     </span>
     <span class='ocr_line' id='line_1_18' title="bbox 138 1758 1243 1847; baseline -0.004 -16"><span class='ocrx_word' id='word_1_167' title='bbox 138 1766 245 1831; x_wconf 72' lang='lat' dir='ltr'><strong>eodeni</strong></span> <span class='ocrx_word' id='word_1_168' title='bbox 257 1768 319 1828; x_wconf 75' lang='lat' dir='ltr'><strong>seio</strong></span> <span class='ocrx_word' id='word_1_169' title='bbox 333 1762 432 1828; x_wconf 75' lang='lat' dir='ltr'><strong>tusas</strong></span> <span class='ocrx_word' id='word_1_170' title='bbox 445 1759 620 1844; x_wconf 73' lang='grc' dir='ltr'><strong><em>ανθρώπων</em></strong></span> <span class='ocrx_word' id='word_1_171' title='bbox 636 1758 838 1844; x_wconf 78' lang='grc' dir='ltr'><strong>στρατιωτικά.</strong></span> <span class='ocrx_word' id='word_1_172' title='bbox 882 1766 936 1825; x_wconf 84' lang='lat' dir='ltr'><strong>Est</strong></span> <span class='ocrx_word' id='word_1_173' title='bbox 949 1767 1094 1841; x_wconf 73' lang='lat' dir='ltr'><strong>fumasse,</strong></span> <span class='ocrx_word' id='word_1_174' title='bbox 1117 1768 1169 1847; x_wconf 88' lang='lat' dir='ltr'><strong>qui</strong></span> <span class='ocrx_word' id='word_1_175' title='bbox 1185 1788 1243 1827; x_wconf 91' lang='lat' dir='ltr'><strong>no-</strong></span> 
     </span>
     <span class='ocr_line' id='line_1_19' title="bbox 138 1848 1242 1930; baseline -0.001 -18"><span class='ocrx_word' id='word_1_176' title='bbox 138 1850 189 1912; x_wconf 87' lang='lat' dir='ltr'><strong>his</strong></span> <span class='ocrx_word' id='word_1_177' title='bbox 204 1849 347 1924; x_wconf 83' lang='lat' dir='ltr'><strong>obiiciat,</strong></span> <span class='ocrx_word' id='word_1_178' title='bbox 368 1870 430 1909; x_wconf 88' lang='lat' dir='ltr'><strong>non</strong></span> <span class='ocrx_word' id='word_1_179' title='bbox 447 1851 611 1909; x_wconf 80' lang='lat' dir='ltr'><strong>nominasse</strong></span> <span class='ocrx_word' id='word_1_180' title='bbox 628 1848 853 1908; x_wconf 83' lang='lat' dir='ltr'><strong>Demosthenem</strong></span> <span class='ocrx_word' id='word_1_181' title='bbox 866 1851 1008 1929; x_wconf 88' lang='lat' dir='ltr'><strong>pecunias</strong></span> <span class='ocrx_word' id='word_1_182' title='bbox 1031 1870 1094 1926; x_wconf 77' lang='lat' dir='ltr'><strong>cas,</strong></span> <span class='ocrx_word' id='word_1_183' title='bbox 1118 1872 1196 1930; x_wconf 88' lang='lat' dir='ltr'><strong>quae</strong></span> <span class='ocrx_word' id='word_1_184' title='bbox 1209 1855 1242 1911; x_wconf 88' lang='lat' dir='ltr'><strong>in</strong></span> 
     </span>
     <span class='ocr_line' id='line_1_20' title="bbox 138 1929 1284 2015; baseline -0.001 -14"><span class='ocrx_word' id='word_1_185' title='bbox 138 1929 340 2015; x_wconf 71' lang='grc' dir='ltr'><strong>στρατιωτικὰ</strong></span> <span class='ocrx_word' id='word_1_186' title='bbox 358 1937 470 1993; x_wconf 83' lang='lat' dir='ltr'><strong>mutan·</strong></span> <span class='ocrx_word' id='word_1_187' title='bbox 485 1935 576 2008; x_wconf 88' lang='lat' dir='ltr'><strong>velit,</strong></span> <span class='ocrx_word' id='word_1_188' title='bbox 598 1934 700 2012; x_wconf 86' lang='lat' dir='ltr'><strong>ituqne</strong></span> <span class='ocrx_word' id='word_1_189' title='bbox 724 1954 785 1992; x_wconf 90' lang='lat' dir='ltr'><strong>non</strong></span> <span class='ocrx_word' id='word_1_190' title='bbox 801 1954 961 2014; x_wconf 87' lang='lat' dir='ltr'><strong>apparere,</strong></span> <span class='ocrx_word' id='word_1_191' title='bbox 984 1935 1136 2014; x_wconf 84' lang='lat' dir='ltr'><strong>quomodo</strong></span> <span class='ocrx_word' id='word_1_192' title='bbox 1159 1938 1239 1997; x_wconf 88' lang='lat' dir='ltr'><strong>cives</strong></span> <span class='ocrx_word' id='word_1_193' title='bbox 1248 1946 1284 2001; x_wconf 82' lang='grc'><strong>39</strong></span> 
     </span>
     <span class='ocr_line' id='line_1_21' title="bbox 138 2015 1243 2100; baseline 0.004 -19"><span class='ocrx_word' id='word_1_194' title='bbox 138 2020 308 2097; x_wconf 85' lang='lat' dir='ltr'><strong>inteDigere</strong></span> <span class='ocrx_word' id='word_1_195' title='bbox 326 2018 494 2096; x_wconf 77' lang='lat' dir='ltr'><strong>potuerint,</strong></span> <span class='ocrx_word' id='word_1_196' title='bbox 515 2038 577 2077; x_wconf 87' lang='lat' dir='ltr'><strong>uon</strong></span> <span class='ocrx_word' id='word_1_197' title='bbox 594 2037 675 2093; x_wconf 86' lang='lat' dir='ltr'><strong>esse,</strong></span> <span class='ocrx_word' id='word_1_198' title='bbox 697 2017 755 2077; x_wconf 87' lang='lat' dir='ltr'><strong>nisi</strong></span> <span class='ocrx_word' id='word_1_199' title='bbox 772 2015 809 2079; x_wconf 84' lang='lat' dir='ltr'><strong>rei</strong></span> <span class='ocrx_word' id='word_1_200' title='bbox 830 2016 986 2100; x_wconf 73' lang='grc' dir='ltr'><strong>θεωρικὰ,</strong></span> <span class='ocrx_word' id='word_1_201' title='bbox 1010 2041 1086 2098; x_wconf 86' lang='lat' dir='ltr'><strong>quae</strong></span> <span class='ocrx_word' id='word_1_202' title='bbox 1101 2020 1243 2100; x_wconf 74' lang='lat' dir='ltr'><strong>espessa)-</strong></span> 
     </span>
     <span class='ocr_line' id='line_1_22' title="bbox 137 2100 1244 2183; baseline -0.002 -16"><span class='ocrx_word' id='word_1_203' title='bbox 137 2100 332 2171; x_wconf 68' lang='lat' dir='ltr'><strong>venditarum</strong></span> <span class='ocrx_word' id='word_1_204' title='bbox 351 2123 415 2162; x_wconf 89' lang='lat' dir='ltr'><strong>esse</strong></span> <span class='ocrx_word' id='word_1_205' title='bbox 432 2104 575 2177; x_wconf 89' lang='lat' dir='ltr'><strong>debeant,</strong></span> <span class='ocrx_word' id='word_1_206' title='bbox 598 2103 726 2180; x_wconf 88' lang='lat' dir='ltr'><strong>indeque</strong></span> <span class='ocrx_word' id='word_1_207' title='bbox 746 2103 910 2183; x_wconf 84' lang='lat' dir='ltr'><strong>postulari,</strong></span> <span class='ocrx_word' id='word_1_208' title='bbox 930 2112 967 2162; x_wconf 87' lang='lat' dir='ltr'><strong>ut</strong></span> <span class='ocrx_word' id='word_1_209' title='bbox 986 2104 1062 2162; x_wconf 90' lang='lat' dir='ltr'><strong>illud</strong></span> <span class='ocrx_word' id='word_1_210' title='bbox 1076 2109 1169 2168; x_wconf 80' lang='grc' dir='ltr'><strong><em>ταῦτα</em></strong></span> <span class='ocrx_word' id='word_1_211' title='bbox 1182 2127 1244 2166; x_wconf 92' lang='lat' dir='ltr'><strong>non</strong></span> 
     </span>
     <span class='ocr_line' id='line_1_23' title="bbox 139 2186 1245 2267; baseline 0.001 -19"><span class='ocrx_word' id='word_1_212' title='bbox 139 2190 184 2250; x_wconf 85' lang='lat' dir='ltr'><strong>ad</strong></span> <span class='ocrx_word' id='word_1_213' title='bbox 206 2188 324 2247; x_wconf 87' lang='lat'>01.1[1.</span> <span class='ocrx_word' id='word_1_214' title='bbox 348 2207 379 2267; x_wconf 90' lang='lat' dir='ltr'><strong>p.</strong></span> <span class='ocrx_word' id='word_1_215' title='bbox 411 2192 460 2252; x_wconf 87' lang='lat'><strong>14.</strong></span> <span class='ocrx_word' id='word_1_216' title='bbox 481 2188 501 2246; x_wconf 90' lang='lat'><strong>1.</strong></span> <span class='ocrx_word' id='word_1_217' title='bbox 520 2190 549 2252; x_wconf 88' lang='lat'><strong>5.</strong></span> <span class='ocrx_word' id='word_1_218' title='bbox 571 2189 736 2261; x_wconf 83' lang='lat' dir='ltr'><strong>reseratur,</strong></span> <span class='ocrx_word' id='word_1_219' title='bbox 761 2186 814 2246; x_wconf 91' lang='lat' dir='ltr'><strong>sed</strong></span> <span class='ocrx_word' id='word_1_220' title='bbox 832 2188 869 2246; x_wconf 88' lang='lat' dir='ltr'><strong>ad</strong></span> <span class='ocrx_word' id='word_1_221' title='bbox 885 2187 1030 2246; x_wconf 84' lang='lat' dir='ltr'><strong>eiusmodi</strong></span> <span class='ocrx_word' id='word_1_222' title='bbox 1050 2190 1166 2265; x_wconf 87' lang='lat' dir='ltr'><strong>locum,</strong></span> <span class='ocrx_word' id='word_1_223' title='bbox 1189 2191 1245 2249; x_wconf 88' lang='lat' dir='ltr'><strong>ubi</strong></span> 
     </span>
     <span class='ocr_line' id='line_1_24' title="bbox 138 2269 1245 2359; baseline -0.005 -21"><span class='ocrx_word' id='word_1_224' title='bbox 138 2272 180 2338; x_wconf 80' lang='lat' dir='ltr'><strong>‘ed</strong></span> <span class='ocrx_word' id='word_1_225' title='bbox 197 2269 334 2353; x_wconf 61' lang='lat' dir='ltr'><strong>esseest</strong></span> <span class='ocrx_word' id='word_1_226' title='bbox 353 2273 553 2331; x_wconf 82' lang='lat' dir='ltr'><strong>nominentur.</strong></span> <span class='ocrx_word' id='word_1_227' title='bbox 598 2272 658 2330; x_wconf 88' lang='lat' dir='ltr'><strong>Sed</strong></span> <span class='ocrx_word' id='word_1_228' title='bbox 676 2271 743 2350; x_wconf 87' lang='lat' dir='ltr'><strong>quis</strong></span> <span class='ocrx_word' id='word_1_229' title='bbox 765 2274 902 2359; x_wconf 83' lang='lat' dir='ltr'><strong>proiecto</strong></span> <span class='ocrx_word' id='word_1_230' title='bbox 923 2272 1100 2346; x_wconf 85' lang='lat' dir='ltr'><strong>contendet,</strong></span> <span class='ocrx_word' id='word_1_231' title='bbox 1132 2274 1245 2333; x_wconf 83' lang='lat' dir='ltr'><strong>civium</strong></span> 
     </span>
     <span class='ocr_line' id='line_1_25' title="bbox 141 2350 1244 2438; baseline 0.004 -21"><span class='ocrx_word' id='word_1_232' title='bbox 141 2370 314 2438; x_wconf 61' lang='lat' dir='ltr'><strong>quenquam</strong></span> <span class='ocrx_word' id='word_1_233' title='bbox 329 2357 456 2434; x_wconf 81' lang='lat' dir='ltr'><strong>fugisse,</strong></span> <span class='ocrx_word' id='word_1_234' title='bbox 477 2352 515 2419; x_wconf 81' lang='lat' dir='ltr'><strong>soi</strong></span> <span class='ocrx_word' id='word_1_235' title='bbox 531 2350 667 2435; x_wconf 76' lang='grc' dir='ltr'><strong>θεωρικοὶ</strong></span> <span class='ocrx_word' id='word_1_236' title='bbox 683 2366 771 2414; x_wconf 87' lang='lat' dir='ltr'><strong>antea</strong></span> <span class='ocrx_word' id='word_1_237' title='bbox 788 2357 879 2416; x_wconf 89' lang='lat' dir='ltr'><strong>fuisso</strong></span> <span class='ocrx_word' id='word_1_238' title='bbox 896 2351 1088 2431; x_wconf 76' lang='grc' dir='ltr'><strong><em>στρατιωτικά</em></strong></span> <span class='ocrx_word' id='word_1_239' title='bbox 1097 2384 1107 2434; x_wconf 81' lang='lat'><em>3</em></span> <span class='ocrx_word' id='word_1_240' title='bbox 1130 2359 1244 2421; x_wconf 78' lang='lat' dir='ltr'><strong>Deinde</strong></span> 
     </span>
     <span class='ocr_line' id='line_1_26' title="bbox 141 2437 1245 2522; baseline 0 -20"><span class='ocrx_word' id='word_1_241' title='bbox 141 2441 357 2502; x_wconf 83' lang='lat' dir='ltr'><strong>Demosthenes</strong></span> <span class='ocrx_word' id='word_1_242' title='bbox 376 2443 476 2520; x_wconf 88' lang='lat' dir='ltr'><strong>ipsum</strong></span> <span class='ocrx_word' id='word_1_243' title='bbox 499 2440 559 2499; x_wconf 91' lang='lat' dir='ltr'><strong>hoc</strong></span> <span class='ocrx_word' id='word_1_244' title='bbox 579 2460 686 2499; x_wconf 82' lang='lat' dir='ltr'><strong>rerum</strong></span> <span class='ocrx_word' id='word_1_245' title='bbox 707 2460 815 2498; x_wconf 89' lang='lat' dir='ltr'><strong>nomen</strong></span> <span class='ocrx_word' id='word_1_246' title='bbox 837 2442 880 2501; x_wconf 89' lang='lat' dir='ltr'><strong>rei</strong></span> <span class='ocrx_word' id='word_1_247' title='bbox 892 2442 1035 2501; x_wconf 75' lang='lat' dir='ltr'><strong>*tribuens</strong></span> <span class='ocrx_word' id='word_1_248' title='bbox 1050 2437 1245 2522; x_wconf 81' lang='lat' dir='ltr'><strong>reprehendit</strong></span> 
     </span>
     <span class='ocr_line' id='line_1_27' title="bbox 140 2524 1244 2604; baseline 0 -17"><span class='ocrx_word' id='word_1_249' title='bbox 140 2547 250 2587; x_wconf 88' lang='lat' dir='ltr'><strong>nemen</strong></span> <span class='ocrx_word' id='word_1_250' title='bbox 280 2536 311 2585; x_wconf 88' lang='lat' dir='ltr'><strong>et</strong></span> <span class='ocrx_word' id='word_1_251' title='bbox 331 2545 420 2584; x_wconf 88' lang='lat' dir='ltr'><strong>usum</strong></span> <span class='ocrx_word' id='word_1_252' title='bbox 442 2527 561 2585; x_wconf 83' lang='lat' dir='ltr'><strong>malum.</strong></span> <span class='ocrx_word' id='word_1_253' title='bbox 614 2524 739 2582; x_wconf 89' lang='lat' dir='ltr'><strong>Omnem</strong></span> <span class='ocrx_word' id='word_1_254' title='bbox 764 2524 892 2604; x_wconf 85' lang='lat' dir='ltr'><strong>denique</strong></span> <span class='ocrx_word' id='word_1_255' title='bbox 921 2526 1135 2585; x_wconf 82' lang='lat' dir='ltr'><strong>dubitationem</strong></span> <span class='ocrx_word' id='word_1_256' title='bbox 1162 2529 1244 2587; x_wconf 88' lang='lat' dir='ltr'><strong>tollit</strong></span> 
     </span>
     <span class='ocr_line' id='line_1_28' title="bbox 138 2601 1247 2692; baseline 0.005 -22"><span class='ocrx_word' id='word_1_257' title='bbox 138 2611 207 2692; x_wconf 87' lang='lat' dir='ltr'><strong>ipse</strong></span> <span class='ocrx_word' id='word_1_258' title='bbox 222 2610 379 2669; x_wconf 85' lang='lat' dir='ltr'><strong>addendo:</strong></span> <span class='ocrx_word' id='word_1_259' title='bbox 401 2614 492 2672; x_wconf 79' lang='lat' dir='ltr'><strong>sorite</strong></span> <span class='ocrx_word' id='word_1_260' title='bbox 514 2601 770 2687; x_wconf 63' lang='lat' dir='ltr'><strong>attestantem</strong></span> <span class='ocrx_word' id='word_1_261' title='bbox 793 2603 834 2682; x_wconf 80' lang='grc' dir='ltr'><strong>ὧς</strong></span> <span class='ocrx_word' id='word_1_262' title='bbox 851 2606 1001 2691; x_wconf 81' lang='grc' dir='ltr'><strong><em>βούλεσθε</em></strong></span> <span class='ocrx_word' id='word_1_263' title='bbox 1011 2606 1185 2692; x_wconf 68' lang='grc' dir='ltr'><strong>λαμβάνετε.</strong></span> <span class='ocrx_word' id='word_1_264' title='bbox 1217 2613 1247 2675; x_wconf 77' lang='lat' dir='ltr'><strong>el</strong></span> 
     </span>
    </p>

    <p class='ocr_par' dir='ltr' id='par_1_4' title="bbox 98 2686 1244 2925">
     <span class='ocr_line' id='line_1_29' title="bbox 98 2686 1243 2775; baseline -0.007 -16"><span class='ocrx_word' id='word_1_265' title='bbox 98 2756 102 2767; x_wconf 92' lang='grc'>,</span> <span class='ocrx_word' id='word_1_266' title='bbox 138 2686 387 2775; x_wconf 64' lang='lat' dir='ltr'><strong>plenissema</strong></span> <span class='ocrx_word' id='word_1_267' title='bbox 412 2716 439 2756; x_wconf 83' lang='grc' dir='ltr'><strong>κ.</strong></span> <span class='ocrx_word' id='word_1_268' title='bbox 464 2718 490 2755; x_wconf 79' lang='lat' dir='ltr'><strong>s.</strong></span> <span class='ocrx_word' id='word_1_269' title='bbox 510 2699 535 2757; x_wconf 77' lang='lat' dir='ltr'><strong>t.</strong></span> <span class='ocrx_word' id='word_1_270' title='bbox 579 2695 691 2767; x_wconf 83' lang='lat' dir='ltr'><strong>Quem,</strong></span> <span class='ocrx_word' id='word_1_271' title='bbox 712 2693 848 2770; x_wconf 89' lang='lat' dir='ltr'><strong>inquam,</strong></span> <span class='ocrx_word' id='word_1_272' title='bbox 876 2695 969 2753; x_wconf 84' lang='lat' dir='ltr'><strong>latere</strong></span> <span class='ocrx_word' id='word_1_273' title='bbox 991 2694 1089 2751; x_wconf 87' lang='lat' dir='ltr'><strong>adhuc</strong></span> <span class='ocrx_word' id='word_1_274' title='bbox 1112 2704 1243 2773; x_wconf 88' lang='lat' dir='ltr'><strong>poterat,</strong></span> 
     </span>
     <span class='ocr_line' id='line_1_30' title="bbox 139 2775 1244 2857; baseline -0.007 -14"><span class='ocrx_word' id='word_1_275' title='bbox 139 2775 290 2857; x_wconf 60' lang='grc' dir='ltr'><strong>θεωρικὰ</strong></span> <span class='ocrx_word' id='word_1_276' title='bbox 306 2778 535 2837; x_wconf 86' lang='lat' dir='ltr'><strong>Demosthenem</strong></span> <span class='ocrx_word' id='word_1_277' title='bbox 561 2775 707 2836; x_wconf 68' lang='lat' dir='ltr'><strong>innueret</strong></span> <span class='ocrx_word' id='word_1_278' title='bbox 731 2809 770 2821; x_wconf 93' lang='lat'>-</span> <span class='ocrx_word' id='word_1_279' title='bbox 805 2777 906 2848; x_wconf 84' lang='lat' dir='ltr'><strong>Quare</strong></span> <span class='ocrx_word' id='word_1_280' title='bbox 931 2783 1026 2839; x_wconf 80' lang='lat' dir='ltr'><strong>sedeo</strong></span> <span class='ocrx_word' id='word_1_281' title='bbox 1046 2797 1106 2835; x_wconf 91' lang='lat' dir='ltr'><strong>non</strong></span> <span class='ocrx_word' id='word_1_282' title='bbox 1126 2778 1164 2836; x_wconf 90' lang='lat' dir='ltr'><strong>ud</strong></span> <span class='ocrx_word' id='word_1_283' title='bbox 1190 2779 1244 2835; x_wconf 86' lang='lat' dir='ltr'><strong>ille</strong></span> 
     </span>
     <span class='ocr_line' id='line_1_31' title="bbox 140 2859 830 2925; baseline -0.009 -1"><span class='ocrx_word' id='word_1_284' title='bbox 140 2865 287 2925; x_wconf 80' lang='lat' dir='ltr'><strong>erationis</strong></span> <span class='ocrx_word' id='word_1_285' title='bbox 298 2863 447 2922; x_wconf 88' lang='lat' dir='ltr'><strong>secundae</strong></span> <span class='ocrx_word' id='word_1_286' title='bbox 462 2864 556 2922; x_wconf 88' lang='lat' dir='ltr'><strong>verba</strong></span> <span class='ocrx_word' id='word_1_287' title='bbox 573 2859 763 2920; x_wconf 76' lang='lat' dir='ltr'><strong>referendum</strong></span> <span class='ocrx_word' id='word_1_288' title='bbox 776 2869 830 2921; x_wconf 89' lang='lat' dir='ltr'><strong>cst.</strong></span> 
     </span>
    </p>
   </div>
   <div class='ocr_carea' id='block_1_3' title="bbox 119 3025 1333 4379">
    <p class='ocr_par' dir='ltr' id='par_1_5' title="bbox 119 3025 1333 4379">
     <span class='ocr_line' id='line_1_32' title="bbox 119 3025 1243 3109; baseline -0.006 -16"><span class='ocrx_word' id='word_1_289' title='bbox 119 3089 122 3093; x_wconf 91' lang='lat'>.</span> <span class='ocrx_word' id='word_1_290' title='bbox 206 3031 349 3093; x_wconf 77' lang='lat' dir='ltr'><strong>Attamen</strong></span> <span class='ocrx_word' id='word_1_291' title='bbox 362 3028 462 3089; x_wconf 89' lang='lat' dir='ltr'><strong>verbis</strong></span> <span class='ocrx_word' id='word_1_292' title='bbox 478 3028 666 3109; x_wconf 84' lang='lat' dir='ltr'><strong>illisaliquid</strong></span> <span class='ocrx_word' id='word_1_293' title='bbox 687 3028 779 3103; x_wconf 84' lang='lat' dir='ltr'><strong>inest,</strong></span> <span class='ocrx_word' id='word_1_294' title='bbox 803 3028 884 3108; x_wconf 89' lang='lat' dir='ltr'><strong>quod</strong></span> <span class='ocrx_word' id='word_1_295' title='bbox 903 3029 934 3088; x_wconf 92' lang='lat' dir='ltr'><strong>in</strong></span> <span class='ocrx_word' id='word_1_296' title='bbox 949 3025 1157 3088; x_wconf 83' lang='lat' dir='ltr'><strong>constituendo</strong></span> <span class='ocrx_word' id='word_1_297' title='bbox 1171 3047 1243 3088; x_wconf 85' lang='lat' dir='ltr'><strong>vero</strong></span> 
     </span>
     <span class='ocr_line' id='line_1_33' title="bbox 141 3114 1333 3195; baseline -0.007 -16"><span class='ocrx_word' id='word_1_298' title='bbox 141 3116 250 3179; x_wconf 83' lang='lat' dir='ltr'><strong>ordine</strong></span> <span class='ocrx_word' id='word_1_299' title='bbox 265 3118 353 3176; x_wconf 90' lang='lat' dir='ltr'><strong>nobis</strong></span> <span class='ocrx_word' id='word_1_300' title='bbox 365 3115 650 3195; x_wconf 82' lang='lat' dir='ltr'><strong>aliquodauxilium</strong></span> <span class='ocrx_word' id='word_1_301' title='bbox 670 3115 762 3189; x_wconf 85' lang='lat' dir='ltr'><strong>ferat,</strong></span> <span class='ocrx_word' id='word_1_302' title='bbox 783 3115 873 3173; x_wconf 89' lang='lat' dir='ltr'><strong>modo</strong></span> <span class='ocrx_word' id='word_1_303' title='bbox 889 3124 987 3173; x_wconf 86' lang='lat' dir='ltr'><strong>autem</strong></span> <span class='ocrx_word' id='word_1_304' title='bbox 1004 3114 1107 3194; x_wconf 86' lang='lat' dir='ltr'><strong>paullo</strong></span> <span class='ocrx_word' id='word_1_305' title='bbox 1124 3114 1244 3174; x_wconf 82' lang='lat' dir='ltr'><strong>diverso</strong></span> <span class='ocrx_word' id='word_1_306' title='bbox 1330 3167 1333 3172; x_wconf 83' lang='lat'>.</span> 
     </span>
     <span class='ocr_line' id='line_1_34' title="bbox 141 3195 1296 3280; baseline -0.004 -16"><span class='ocrx_word' id='word_1_307' title='bbox 141 3203 393 3280; x_wconf 85' lang='lat' dir='ltr'><strong>extorquendum.</strong></span> <span class='ocrx_word' id='word_1_308' title='bbox 436 3200 510 3256; x_wconf 87' lang='lat' dir='ltr'><strong>Nam</strong></span> <span class='ocrx_word' id='word_1_309' title='bbox 524 3220 619 3278; x_wconf 91' lang='lat' dir='ltr'><strong>pone,</strong></span> <span class='ocrx_word' id='word_1_310' title='bbox 640 3219 700 3258; x_wconf 90' lang='lat' dir='ltr'><strong>non</strong></span> <span class='ocrx_word' id='word_1_311' title='bbox 716 3219 778 3257; x_wconf 88' lang='lat' dir='ltr'><strong>esse</strong></span> <span class='ocrx_word' id='word_1_312' title='bbox 794 3200 912 3257; x_wconf 86' lang='lat' dir='ltr'><strong>tertiam</strong></span> <span class='ocrx_word' id='word_1_313' title='bbox 927 3195 1244 3276; x_wconf 72' lang='lat' dir='ltr'><strong>nostram&#39;orationem,</strong></span> <span class='ocrx_word' id='word_1_314' title='bbox 1294 3218 1296 3223; x_wconf 77' lang='grc'>’</span> 
     </span>
     <span class='ocr_line' id='line_1_35' title="bbox 141 3278 1244 3365; baseline -0.005 -16"><span class='ocrx_word' id='word_1_315' title='bbox 141 3288 200 3349; x_wconf 82' lang='lat' dir='ltr'><strong>sed</strong></span> <span class='ocrx_word' id='word_1_316' title='bbox 217 3288 362 3365; x_wconf 84' lang='lat' dir='ltr'><strong>primam,</strong></span> <span class='ocrx_word' id='word_1_317' title='bbox 383 3303 449 3344; x_wconf 84' lang='lat' dir='ltr'><strong>eam</strong></span> <span class='ocrx_word' id='word_1_318' title='bbox 470 3304 560 3359; x_wconf 82' lang='lat' dir='ltr'><strong>vero,</strong></span> <span class='ocrx_word' id='word_1_319' title='bbox 583 3303 659 3362; x_wconf 90' lang='lat' dir='ltr'><strong>quae</strong></span> <span class='ocrx_word' id='word_1_320' title='bbox 679 3284 765 3342; x_wconf 88' lang='lat' dir='ltr'><strong>uobis</strong></span> <span class='ocrx_word' id='word_1_321' title='bbox 786 3278 920 3341; x_wconf 79' lang='lat' dir='ltr'><strong>secunda</strong></span> <span class='ocrx_word' id='word_1_322' title='bbox 940 3292 1001 3357; x_wconf 89' lang='lat' dir='ltr'><strong>est,</strong></span> <span class='ocrx_word' id='word_1_323' title='bbox 1032 3303 1095 3342; x_wconf 89' lang='lat' dir='ltr'><strong>esse</strong></span> <span class='ocrx_word' id='word_1_324' title='bbox 1117 3285 1244 3355; x_wconf 86' lang='lat' dir='ltr'><strong>tertiam,</strong></span> 
     </span>
     <span class='ocr_line' id='line_1_36' title="bbox 140 3362 1247 3451; baseline 0 -19"><span class='ocrx_word' id='word_1_325' title='bbox 140 3372 281 3451; x_wconf 68' lang='lat' dir='ltr'><strong>utmalgo</strong></span> <span class='ocrx_word' id='word_1_326' title='bbox 296 3372 414 3430; x_wconf 75' lang='lat' dir='ltr'><strong>volunt</strong></span> <span class='ocrx_word' id='word_1_327' title='bbox 457 3368 518 3426; x_wconf 84' lang='lat' dir='ltr'><strong>Iam</strong></span> <span class='ocrx_word' id='word_1_328' title='bbox 534 3374 625 3446; x_wconf 84' lang='lat' dir='ltr'><strong>quum</strong></span> <span class='ocrx_word' id='word_1_329' title='bbox 636 3367 668 3425; x_wconf 92' lang='lat' dir='ltr'><strong>in</strong></span> <span class='ocrx_word' id='word_1_330' title='bbox 687 3367 821 3426; x_wconf 85' lang='lat' dir='ltr'><strong>oratioue</strong></span> <span class='ocrx_word' id='word_1_331' title='bbox 837 3369 923 3427; x_wconf 85' lang='lat' dir='ltr'><strong>tertia</strong></span> <span class='ocrx_word' id='word_1_332' title='bbox 938 3368 1046 3426; x_wconf 88' lang='lat' dir='ltr'><strong>iterum</strong></span> <span class='ocrx_word' id='word_1_333' title='bbox 1059 3362 1095 3429; x_wconf 80' lang='lat' dir='ltr'><strong>soi</strong></span> <span class='ocrx_word' id='word_1_334' title='bbox 1108 3367 1247 3448; x_wconf 67' lang='grc' dir='ltr'><strong><em>θεωρικὰ</em></strong></span> 
     </span>
     <span class='ocr_line' id='line_1_37' title="bbox 140 3451 1246 3530; baseline 0 -18"><span class='ocrx_word' id='word_1_335' title='bbox 140 3454 383 3530; x_wconf 68' lang='grc' dir='ltr'><strong>ἱασιραςιωηκᾶ</strong></span> <span class='ocrx_word' id='word_1_336' title='bbox 396 3453 506 3511; x_wconf 85' lang='lat' dir='ltr'><strong>mutari</strong></span> <span class='ocrx_word' id='word_1_337' title='bbox 520 3452 636 3527; x_wconf 83' lang='lat' dir='ltr'><strong>iubeat,</strong></span> <span class='ocrx_word' id='word_1_338' title='bbox 659 3452 811 3529; x_wconf 88' lang='lat' dir='ltr'><strong>sequitur,</strong></span> <span class='ocrx_word' id='word_1_339' title='bbox 833 3451 1025 3511; x_wconf 80' lang='lat' dir='ltr'><strong>Athenienses</strong></span> <span class='ocrx_word' id='word_1_340' title='bbox 1042 3452 1246 3512; x_wconf 86' lang='lat' dir='ltr'><strong>Demosthenis</strong></span> 
     </span>
     <span class='ocr_line' id='line_1_38' title="bbox 141 3534 1246 3617; baseline -0.004 -17"><span class='ocrx_word' id='word_1_341' title='bbox 141 3541 302 3600; x_wconf 89' lang='lat' dir='ltr'><strong>consilium</strong></span> <span class='ocrx_word' id='word_1_342' title='bbox 326 3539 364 3598; x_wconf 89' lang='lat' dir='ltr'><strong>de</strong></span> <span class='ocrx_word' id='word_1_343' title='bbox 385 3537 521 3617; x_wconf 89' lang='lat' dir='ltr'><strong>pecuniis</strong></span> <span class='ocrx_word' id='word_1_344' title='bbox 545 3548 627 3596; x_wconf 87' lang='lat' dir='ltr'><strong>recte</strong></span> <span class='ocrx_word' id='word_1_345' title='bbox 644 3534 836 3610; x_wconf 73' lang='lat' dir='ltr'><strong>adhibendis,</strong></span> <span class='ocrx_word' id='word_1_346' title='bbox 859 3536 939 3613; x_wconf 92' lang='lat' dir='ltr'><strong>quod</strong></span> <span class='ocrx_word' id='word_1_347' title='bbox 954 3537 985 3595; x_wconf 90' lang='lat' dir='ltr'><strong>in</strong></span> <span class='ocrx_word' id='word_1_348' title='bbox 1003 3536 1135 3609; x_wconf 86' lang='lat' dir='ltr'><strong>oratione</strong></span> <span class='ocrx_word' id='word_1_349' title='bbox 1149 3540 1246 3616; x_wconf 84' lang='lat' dir='ltr'><strong>prima</strong></span> 
     </span>
     <span class='ocr_line' id='line_1_39' title="bbox 143 3620 1246 3698; baseline -0.005 -14"><span class='ocrx_word' id='word_1_350' title='bbox 143 3624 286 3698; x_wconf 87' lang='lat' dir='ltr'><strong>dederat,</strong></span> <span class='ocrx_word' id='word_1_351' title='bbox 309 3632 376 3682; x_wconf 87' lang='lat' dir='ltr'><strong>ante</strong></span> <span class='ocrx_word' id='word_1_352' title='bbox 390 3623 550 3680; x_wconf 85' lang='lat' dir='ltr'><strong>secundom</strong></span> <span class='ocrx_word' id='word_1_353' title='bbox 568 3642 628 3680; x_wconf 92' lang='lat' dir='ltr'><strong>non</strong></span> <span class='ocrx_word' id='word_1_354' title='bbox 647 3621 806 3679; x_wconf 84' lang='lat' dir='ltr'><strong>audivisse.</strong></span> <span class='ocrx_word' id='word_1_355' title='bbox 848 3621 987 3680; x_wconf 84' lang='lat' dir='ltr'><strong>Attamen</strong></span> <span class='ocrx_word' id='word_1_356' title='bbox 1000 3620 1030 3680; x_wconf 92' lang='lat' dir='ltr'><strong>in</strong></span> <span class='ocrx_word' id='word_1_357' title='bbox 1047 3623 1180 3682; x_wconf 85' lang='lat' dir='ltr'><strong>oratione</strong></span> <span class='ocrx_word' id='word_1_358' title='bbox 1198 3637 1246 3680; x_wconf 83' lang='lat' dir='ltr'><strong>se-</strong></span> 
     </span>
     <span class='ocr_line' id='line_1_40' title="bbox 143 3703 1246 3790; baseline -0.005 -20"><span class='ocrx_word' id='word_1_359' title='bbox 143 3710 247 3770; x_wconf 88' lang='lat' dir='ltr'><strong>cunda</strong></span> <span class='ocrx_word' id='word_1_360' title='bbox 268 3707 368 3790; x_wconf 87' lang='lat' dir='ltr'><strong>(nohis</strong></span> <span class='ocrx_word' id='word_1_361' title='bbox 382 3703 491 3787; x_wconf 86' lang='lat' dir='ltr'><strong>primu)</strong></span> <span class='ocrx_word' id='word_1_362' title='bbox 515 3706 605 3765; x_wconf 89' lang='lat' dir='ltr'><strong>dere</strong></span> <span class='ocrx_word' id='word_1_363' title='bbox 624 3714 687 3763; x_wconf 87' lang='lat' dir='ltr'><strong>tem</strong></span> <span class='ocrx_word' id='word_1_364' title='bbox 704 3705 788 3783; x_wconf 84' lang='lat' dir='ltr'><strong>gravi</strong></span> <span class='ocrx_word' id='word_1_365' title='bbox 808 3713 929 3785; x_wconf 89' lang='lat' dir='ltr'><strong>tamque</strong></span> <span class='ocrx_word' id='word_1_366' title='bbox 942 3707 1108 3766; x_wconf 81' lang='lat' dir='ltr'><strong>necessaria</strong></span> <span class='ocrx_word' id='word_1_367' title='bbox 1126 3726 1163 3764; x_wconf 90' lang='lat' dir='ltr'><strong>ne</strong></span> <span class='ocrx_word' id='word_1_368' title='bbox 1175 3705 1246 3765; x_wconf 81' lang='lat' dir='ltr'><strong>ver-</strong></span> 
     </span>
     <span class='ocr_line' id='line_1_41' title="bbox 142 3782 1245 3874; baseline -0.006 -20"><span class='ocrx_word' id='word_1_369' title='bbox 142 3794 218 3854; x_wconf 86' lang='lat' dir='ltr'><strong>hum</strong></span> <span class='ocrx_word' id='word_1_370' title='bbox 235 3792 357 3874; x_wconf 82' lang='lat' dir='ltr'><strong>quidem</strong></span> <span class='ocrx_word' id='word_1_371' title='bbox 370 3782 490 3868; x_wconf 78' lang='lat' dir='ltr'><strong>ieghur,</strong></span> <span class='ocrx_word' id='word_1_372' title='bbox 512 3789 563 3847; x_wconf 88' lang='lat' dir='ltr'><strong>sed</strong></span> <span class='ocrx_word' id='word_1_373' title='bbox 581 3790 613 3848; x_wconf 93' lang='lat' dir='ltr'><strong>in</strong></span> <span class='ocrx_word' id='word_1_374' title='bbox 628 3790 801 3848; x_wconf 86' lang='lat' dir='ltr'><strong>universum</strong></span> <span class='ocrx_word' id='word_1_375' title='bbox 819 3790 976 3873; x_wconf 55' lang='lat' dir='ltr'><strong>stactem.</strong></span> <span class='ocrx_word' id='word_1_376' title='bbox 1020 3790 1081 3848; x_wconf 87' lang='lat' dir='ltr'><strong>iam</strong></span> <span class='ocrx_word' id='word_1_377' title='bbox 1094 3788 1245 3868; x_wconf 88' lang='lat' dir='ltr'><strong>quomodo</strong></span> 
     </span>
     <span class='ocr_line' id='line_1_42' title="bbox 143 3874 1246 3957; baseline -0.007 -18"><span class='ocrx_word' id='word_1_378' title='bbox 143 3886 265 3954; x_wconf 83' lang='lat' dir='ltr'><strong>orator,</strong></span> <span class='ocrx_word' id='word_1_379' title='bbox 287 3877 370 3957; x_wconf 88' lang='lat' dir='ltr'><strong>quod</strong></span> <span class='ocrx_word' id='word_1_380' title='bbox 392 3877 472 3935; x_wconf 90' lang='lat' dir='ltr'><strong>inter</strong></span> <span class='ocrx_word' id='word_1_381' title='bbox 490 3875 587 3955; x_wconf 88' lang='lat' dir='ltr'><strong>prima</strong></span> <span class='ocrx_word' id='word_1_382' title='bbox 604 3874 649 3933; x_wconf 87' lang='lat' dir='ltr'><strong>rei</strong></span> <span class='ocrx_word' id='word_1_383' title='bbox 663 3874 842 3933; x_wconf 88' lang='lat' dir='ltr'><strong>adminicula</strong></span> <span class='ocrx_word' id='word_1_384' title='bbox 859 3895 921 3934; x_wconf 85' lang='lat' dir='ltr'><strong>esse</strong></span> <span class='ocrx_word' id='word_1_385' title='bbox 938 3875 1106 3948; x_wconf 82' lang='lat' dir='ltr'><strong>iudicabat,</strong></span> <span class='ocrx_word' id='word_1_386' title='bbox 1128 3875 1159 3931; x_wconf 92' lang='lat' dir='ltr'><strong>in</strong></span> <span class='ocrx_word' id='word_1_387' title='bbox 1175 3894 1246 3932; x_wconf 87' lang='lat' dir='ltr'><strong>ora·</strong></span> 
     </span>
     <span class='ocr_line' id='line_1_43' title="bbox 141 3958 1246 4041; baseline -0.009 -16"><span class='ocrx_word' id='word_1_388' title='bbox 141 3964 230 4025; x_wconf 84' lang='lat' dir='ltr'><strong>tione</strong></span> <span class='ocrx_word' id='word_1_389' title='bbox 246 3961 376 4024; x_wconf 82' lang='lat' dir='ltr'><strong>secrmda</strong></span> <span class='ocrx_word' id='word_1_390' title='bbox 387 3961 551 4041; x_wconf 82' lang='lat' dir='ltr'><strong>praeterire</strong></span> <span class='ocrx_word' id='word_1_391' title='bbox 568 3968 685 4040; x_wconf 89' lang='lat' dir='ltr'><strong>poterat</strong></span> <span class='ocrx_word' id='word_1_392' title='bbox 696 3969 726 4017; x_wconf 90' lang='lat' dir='ltr'><strong>et</strong></span> <span class='ocrx_word' id='word_1_393' title='bbox 740 3978 893 4019; x_wconf 87' lang='lat' dir='ltr'><strong>reservare</strong></span> <span class='ocrx_word' id='word_1_394' title='bbox 911 3962 944 4020; x_wconf 91' lang='lat' dir='ltr'><strong>in</strong></span> <span class='ocrx_word' id='word_1_395' title='bbox 961 3959 1148 4019; x_wconf 88' lang='lat' dir='ltr'><strong>occasionem</strong></span> <span class='ocrx_word' id='word_1_396' title='bbox 1161 3958 1246 4016; x_wconf 83' lang='lat' dir='ltr'><strong>iutu-</strong></span> 
     </span>
     <span class='ocr_line' id='line_1_44' title="bbox 143 4043 1248 4126; baseline -0.006 -17"><span class='ocrx_word' id='word_1_397' title='bbox 143 4068 227 4125; x_wconf 81' lang='lat' dir='ltr'><strong>nm,</strong></span> <span class='ocrx_word' id='word_1_398' title='bbox 250 4066 320 4126; x_wconf 78' lang='lat' dir='ltr'><strong>ergo</strong></span> <span class='ocrx_word' id='word_1_399' title='bbox 339 4047 371 4106; x_wconf 92' lang='lat' dir='ltr'><strong>in</strong></span> <span class='ocrx_word' id='word_1_400' title='bbox 387 4046 558 4105; x_wconf 75' lang='lat' dir='ltr'><strong>mastonem</strong></span> <span class='ocrx_word' id='word_1_401' title='bbox 565 4088 573 4120; x_wconf 91' lang='lat'><strong>,</strong></span> <span class='ocrx_word' id='word_1_402' title='bbox 597 4045 622 4103; x_wconf 90' lang='lat' dir='ltr'><strong>si</strong></span> <span class='ocrx_word' id='word_1_403' title='bbox 635 4043 696 4102; x_wconf 86' lang='lat' dir='ltr'><strong>Diis</strong></span> <span class='ocrx_word' id='word_1_404' title='bbox 711 4043 826 4122; x_wconf 85' lang='lat' dir='ltr'><strong>placet,</strong></span> <span class='ocrx_word' id='word_1_405' title='bbox 849 4045 984 4122; x_wconf 82' lang='lat' dir='ltr'><strong>tertiam,</strong></span> <span class='ocrx_word' id='word_1_406' title='bbox 1006 4064 1074 4101; x_wconf 90' lang='lat' dir='ltr'><strong>cum</strong></span> <span class='ocrx_word' id='word_1_407' title='bbox 1094 4062 1154 4101; x_wconf 88' lang='lat' dir='ltr'><strong>non</strong></span> <span class='ocrx_word' id='word_1_408' title='bbox 1173 4062 1248 4123; x_wconf 90' lang='lat' dir='ltr'><strong>pro·</strong></span> 
     </span>
     <span class='ocr_line' id='line_1_45' title="bbox 144 4127 1246 4211; baseline -0.006 -18"><span class='ocrx_word' id='word_1_409' title='bbox 144 4132 390 4207; x_wconf 77' lang='lat' dir='ltr'><strong>masticandum,</strong></span> <span class='ocrx_word' id='word_1_410' title='bbox 411 4130 464 4190; x_wconf 87' lang='lat' dir='ltr'><strong>sed</strong></span> <span class='ocrx_word' id='word_1_411' title='bbox 483 4139 617 4208; x_wconf 87' lang='lat' dir='ltr'><strong>tempore</strong></span> <span class='ocrx_word' id='word_1_412' title='bbox 640 4128 787 4207; x_wconf 81' lang='lat' dir='ltr'><strong>agendum</strong></span> <span class='ocrx_word' id='word_1_413' title='bbox 797 4129 901 4189; x_wconf 72' lang='lat' dir='ltr'><strong>essct?</strong></span> <span class='ocrx_word' id='word_1_414' title='bbox 924 4132 1051 4211; x_wconf 84' lang='lat' dir='ltr'><strong>Urgente</strong></span> <span class='ocrx_word' id='word_1_415' title='bbox 1071 4127 1148 4186; x_wconf 89' lang='lat' dir='ltr'><strong>enim</strong></span> <span class='ocrx_word' id='word_1_416' title='bbox 1168 4137 1246 4187; x_wconf 90' lang='lat' dir='ltr'><strong>tem·</strong></span> 
     </span>
     <span class='ocr_line' id='line_1_46' title="bbox 141 4211 1247 4307; baseline -0.005 -30"><span class='ocrx_word' id='word_1_417' title='bbox 141 4217 386 4307; x_wconf 64' lang='lat' dir='ltr'><strong>porismgustia</strong></span> <span class='ocrx_word' id='word_1_418' title='bbox 398 4214 605 4295; x_wconf 86' lang='lat' dir='ltr'><strong>postulamus,</strong></span> <span class='ocrx_word' id='word_1_419' title='bbox 626 4223 662 4273; x_wconf 89' lang='lat' dir='ltr'><strong>ut</strong></span> <span class='ocrx_word' id='word_1_420' title='bbox 676 4223 818 4291; x_wconf 82' lang='lat' dir='ltr'><strong>augeatur</strong></span> <span class='ocrx_word' id='word_1_421' title='bbox 834 4214 942 4295; x_wconf 88' lang='lat' dir='ltr'><strong>cuique</strong></span> <span class='ocrx_word' id='word_1_422' title='bbox 954 4213 1021 4273; x_wconf 80' lang='lat' dir='ltr'><strong>viro</strong></span> <span class='ocrx_word' id='word_1_423' title='bbox 1033 4211 1113 4271; x_wconf 91' lang='lat' dir='ltr'><strong>bono</strong></span> <span class='ocrx_word' id='word_1_424' title='bbox 1129 4211 1161 4272; x_wconf 91' lang='lat' dir='ltr'><strong>in</strong></span> <span class='ocrx_word' id='word_1_425' title='bbox 1174 4233 1247 4272; x_wconf 89' lang='lat' dir='ltr'><strong>con-</strong></span> 
     </span>
     <span class='ocr_line' id='line_1_47' title="bbox 144 4296 1289 4379; baseline -0.004 -18"><span class='ocrx_word' id='word_1_426' title='bbox 144 4302 224 4362; x_wconf 81' lang='lat' dir='ltr'><strong>sitiis</strong></span> <span class='ocrx_word' id='word_1_427' title='bbox 246 4302 354 4363; x_wconf 86' lang='lat' dir='ltr'><strong>dandis</strong></span> <span class='ocrx_word' id='word_1_428' title='bbox 377 4301 520 4377; x_wconf 87' lang='lat' dir='ltr'><strong>audacia,</strong></span> <span class='ocrx_word' id='word_1_429' title='bbox 555 4298 668 4376; x_wconf 86' lang='lat' dir='ltr'><strong>itaut,</strong></span> <span class='ocrx_word' id='word_1_430' title='bbox 688 4316 774 4379; x_wconf 86' lang='lat' dir='ltr'><strong>-quee</strong></span> <span class='ocrx_word' id='word_1_431' title='bbox 797 4298 886 4359; x_wconf 89' lang='lat' dir='ltr'><strong>unice</strong></span> <span class='ocrx_word' id='word_1_432' title='bbox 908 4296 1039 4359; x_wconf 82' lang='lat' dir='ltr'><strong>salubria</strong></span> <span class='ocrx_word' id='word_1_433' title='bbox 1060 4315 1124 4359; x_wconf 87' lang='lat' dir='ltr'><strong>csse</strong></span> <span class='ocrx_word' id='word_1_434' title='bbox 1144 4296 1289 4372; x_wconf 66' lang='lat' dir='ltr'><strong>ducatto</strong></span> 
     </span>
    </p>
   </div>
   <div class='ocr_carea' id='block_1_4' title="bbox 827 4383 1095 4451">
    <p class='ocr_par' dir='ltr' id='par_1_6' title="bbox 827 4383 1095 4451">
     <span class='ocr_line' id='line_1_48' title="bbox 827 4383 1095 4451; baseline 0.022 -6"><span class='ocrx_word' id='word_1_435' title='bbox 827 4383 1095 4451; x_wconf 75' lang='lat' dir='ltr'><strong>·‘t9.</strong></span> 
     </span>
    </p>
   </div>
   <div class='ocr_carea' id='block_1_5' title="bbox 0 0 1396 4724">
    <p class='ocr_par' dir='ltr' id='par_1_7' title="bbox 0 0 1396 4724">
     <span class='ocr_line' id='line_1_49' title="bbox 0 0 1396 4724; baseline 0 0"><span class='ocrx_word' id='word_1_436' title='bbox 0 0 1396 4724; x_wconf 95' lang='lat' dir='ltr'><strong> </strong></span> 
     </span>
    </p>
   </div>
  </div>
 </body>
</html>
