2768 4724
92 264 94 274 ·
192 228 254 302 102
302 222 1249 319 vultusuultussuessos'ruuuutt.
1359 246 1362 255 ’

92 411 114 449 -·
191 382 299 464 usus:
312 458 314 462 .
328 418 368 463 ex
380 401 486 482 regn
504 396 688 462 seersum
706 398 810 460 issam
832 401 954 481 pins,
982 414 1025 465 se.
1045 417 1172 462 numero
1193 384 1288 469 ‘erra
1364 382 1371 407 ⁸

115 502 122 511 ’
190 505 285 572 2775.
300 511 394 572 3275.
411 509 504 571 32Ἴ9.
537 503 659 564 ¹Deinde
679 512 820 582 excerpta
840 496 986 582 ¹quaedem
1007 496 1148 564 stStia
1167 504 1288 582 ignotis,

191 608 312 686 quasia
323 607 470 669 Aeschine
482 605 713 686 suppeditarunt
732 624 802 666 orae
817 605 966 666 librorum
986 607 1126 677 vel'Etlu.
1140 608 1291 670 bernardi
1314 655 1321 666 .

189 708 409 771 multinodi.
424 707 523 770 Oxou.
536 706 587 768 vel
602 706 626 769 l.
641 705 729 783 Mori,
748 707 892 788 Episcopi
904 709 1041 786 hiiensis,
1054 710 1087 769 iu
1102 710 1195 788 ll'egia
1210 712 1291 770 Can-

130 862 133 867 .
191 809 371 888 emnem.
458 828 461 833 ·
626 814 628 819 ·
703 879 713 896 s

255 909 372 994 Hert]
395 897 499 973 Codex
515 910 692 971 Harleianus
719 911 896 973 adservatur
920 912 951 972 in
971 912 1152 974 bibliotheca
1176 913 1289 980 Illustr.

191 1013 261 1090 viri,
277 1014 352 1075 Edu.
365 1013 589 1094 nupercomitis
601 1012 797 1092 Oxoniensis,
821 1015 890 1094 qui,
914 1034 982 1075 curn
992 1017 1127 1090 viveret,
1150 1035 1198 1075 ma
1216 1017 1292 1075 ami-

193 1116 263 1176 titia
277 1119 331 1177 sas
346 1116 510 1197 multisque
523 1116 613 1175 animi
625 1116 765 1176 benevoli
779 1114 966 1196 argumentis
973 1128 1095 1178 auctum
1109 1139 1173 1178 esse
1183 1118 1290 1189 voluit,

192 1204 352 1296 Regnator
372 1217 493 1299 quidem
520 1218 669 1297 scriptus,
705 1220 845 1299 antiquus
867 1229 898 1279 et
917 1222 1015 1282 bonae
1033 1220 1179 1281 indolis..
1205 1221 1294 1279 Ultra
1367 1277 1378 1300 „

195 1321 344 1405 matiansa
362 1321 499 1401 publicas
521 1319 605 1402 (sunt
620 1330 720 1380 autem
738 1320 808 1380 illae
821 1310 942 1399 praeter
951 1322 1135 1404 Philippicas
1150 1322 1207 1381 etc.
1221 1340 1292 1380 ora·

194 1424 290 1482 tiones
302 1422 445 1485 Aeschini
462 1419 630 1505 oppositae)
650 1440 713 1482 non
730 1412 935 1502 progreditur:
965 1435 996 1485 et
1012 1445 1049 1485 eo
1069 1444 1140 1486 seue
1164 1423 1292 1484 termino

193 1524 344 1603 plurimes-
362 1526 456 1587 Codd.
477 1526 578 1601 MStos
599 1523 740 1583 concludi
762 1525 850 1585 sensi.
897 1526 987 1587 Liber
1006 1518 1058 1587 ille
1078 1527 1229 1608 quondam
1251 1524 1293 1585 ad

193 1615 360 1687 Ecclesiam
374 1628 595 1708 hipponensem
610 1626 643 1684 in
659 1646 731 1706 agro
743 1610 924 1688 Eboracensi
938 1631 1100 1709 spectabat
1322 1697 1324 1701 Α

216 1740 219 1747 ’
259 1714 362 1792 Codex
373 1732 477 1794 Iacchi
488 1733 591 1793 Herria
605 1731 844 1805 sarisberiensis,
867 1724 1029 1809 Armigeri,
1042 1732 1108 1792 Viri
1119 1755 1180 1794 non
1196 1736 1295 1798 solum

96 1824 99 1836 ’
194 1831 935 1914 literarumelegantia‚verumemnigenerelaudia
945 1836 1199 1914 praestantissimi.
1220 1838 1298 1897 Par·

195 1932 309 1994 tinebat
324 1936 395 1997 elim
411 1935 911 2018 adEman.ll1ertin1ma,Decanum
922 1933 1110 2012 blesensem,
1133 1938 1220 1998 cuius
1239 1939 1295 1998 de-

196 2036 358 2121 scriptione
375 2046 461 2125 ater,
484 2047 581 2099 sumta
601 2057 639 2098 ex
661 2035 723 2097 eiua
748 2036 882 2117 epistolis
901 2035 950 2098 Vl.
976 2042 1026 2102 12.
1070 2039 1186 2115 „Codd
1199 2056 1295 2121 perro

196 2154 288 2221 suana
304 2146 443 2200 exaratos
460 2151 569 2200 nactus
590 2160 656 2202 sum
675 2141 791 2220 aliquot
803 2171 856 2198 *¹¹⁵5
898 2136 983 2198 Alter
1004 2138 1197 2220 antiquorum
1213 2140 1313 2201 uto--

75 2279 77 2288 ι
195 2248 297 2327 torum
316 2242 442 2303 selectas
465 2243 614 2303 orationes
642 2241 824 2322 [continet],
839 2251 875 2302 ut
894 2241 1118 2319 Demosthenis,
1146 2243 1296 2326 Aristidis,

140 2380 144 2395 .
196 2334 337 2420 unsar,
357 2322 533 2425 Hypseus,
555 2324 684 2405 assasse
712 2345 761 2403 cut
780 2336 1298 2404 suecessuntrnr10mnvtns

198 2442 405 2523 sophistarum
420 2456 449 2506 et
461 2446 592 2506 Platonis
606 2446 741 2524 Gorgias.
771 2445 899 2505 Videtur
913 2455 1012 2506 autem
1024 2445 1076 2526 hic
1094 2444 1192 2508 codex
1203 2444 1298 2506 fiisse

199 2544 271 2605 blim
284 2545 448 2628 Nicephori
463 2547 628 2625 aragone,
649 2557 686 2607 ut
698 2547 829 2607 ostendit
847 2548 910 2608 eius
927 2547 1158 2628 chirographum
1174 2549 1205 2605 iu
1218 2548 1297 2608 inte·

198 2647 279 2708 riorc
304 2648 405 2711 tabula
427 2649 586 2710 hincinde
606 2649 761 2730 scriptum.
804 2650 872 2723 Quo
892 2650 981 2709 etiarn
997 2651 1118 2709 nonunt
1135 2666 1298 2728 permagno

199 2763 289 2811 ame
320 2732 536 2815 aestimarunt
573 2752 725 2813 Hactenus
748 2751 809 2815 ille.
854 2751 956 2811 Codex
979 2761 1024 2812 cst
1045 2769 1241 2832 pergamenus
1269 2761 1301 2810 et
1344 2770 1353 2779 ‘

198 2852 334 2914 audieris
353 2860 442 2917 notas
451 2900 461 2933 ,
483 2863 514 2915 et
535 2854 654 2915 easdem
672 2855 750 2932 fere,
782 2870 855 2934 quas
874 2872 1022 2934 superior·
1033 2853 1086 2914 ille
1109 2853 1298 2930 Harleianus,

200 2957 412 3036 complectitur
436 2958 603 3034 orationes,
638 2977 744 3038 nempe
767 2976 840 3035 quas
862 2943 999 3034 publices
1022 2957 1114 3032 vulgo
1145 2956 1300 3018 nominare

200 3057 307 3121 solent.
351 3058 399 3120 Ex
418 3078 454 3120 so
474 3069 581 3119 nactus
599 3049 665 3118 aum
686 3056 871 3117 solummodo
886 3054 1040 3114 Variantes
1061 3055 1300 3135 Philippicarum
1373 3080 1378 3115 a

200 3157 250 3217 IV.
293 3158 456 3222 Nemeum
468 3161 529 3222 MS.
552 3160 604 3220 ille
626 3159 770 3222 beneficio
787 3158 853 3219 Viri
875 3157 1046 3218 amicissimi
1069 3157 1108 3216 ad
1127 3177 1174 3218 me
1191 3158 1301 3218 Canta·

93 3264 98 3277 ¹
200 3256 328 3337 brigiam
342 3254 528 3340 mitteretur,
549 3273 586 3323 ut
596 3271 796 3335 caeterarum,
819 3279 896 3338 quaa
913 3269 1107 3339 supererant,
1123 3261 1221 3320 variae
1236 3263 1302 3341 ipse

203 3353 351 3438 αὖτολεξεὶ
378 3384 588 3445 excerperem,
622 3365 654 3424 in
676 3360 781 3420 itinere
802 3360 880 3421 male
906 3362 1095 3442 quorundam
1119 3361 1182 3422 lide·
1205 3365 1302 3422 inter·

95 3516 98 3523 .
144 3525 150 3538 ,
203 3472 313 3543 ceptus
325 3474 371 3525 est
378 3511 387 3541 ,
406 3477 437 3528 et
450 3484 536 3527 eaeo
548 3468 682 3545 tempore
695 3463 749 3523 diu
763 3464 935 3542 frustraque
953 3467 1032 3523 ame
1049 3466 1214 3544 quaesitus:
1238 3465 1302 3526 sive
1369 3452 1374 3457 ’

202 3564 433 3646 imprudentia,
446 3570 509 3628 sive
528 3566 652 3627 consilio
669 3575 698 3626 et
721 3565 822 3625 dedita
835 3584 928 3646 opera
939 3566 978 3625 sit
993 3565 1170 3647 discerptus.
1213 3566 1302 3626 Hune

205 3687 232 3727 ar
244 3690 312 3737 oure
324 3670 440 3747 adhuc,
462 3690 518 3730 nec
532 3688 624 3750 preca
642 3677 761 3743 nostra,
789 3687 845 3726 nec
860 3668 960 3749 pretio
983 3668 1142 3742 delinitus,
1166 3668 1246 3729 dorni
1269 3667 1303 3727 in

203 3770 307 3851 pluteo
320 3790 533 3848 cormarrino,
544 3762 614 3832 'ses
628 3771 734 3852 quovis
747 3771 838 3832 modo
851 3790 994 3833 mensur
1004 3791 1105 3848 rsxrr,
1125 3788 1203 3832 esse
1217 3789 1302 3833 aroer

206 3886 297 3932 sacen
310 3892 397 3936 raro.

667 4098 837 4111 *w
