2768 4724
371 240 430 303 Au
460 236 590 302 onir.
619 234 677 300 DE
705 234 975 307 SYMMORIIS,
1158 244 1223 312 ’163

137 432 205 474 rum
221 422 308 492 peter
323 414 446 473 muissrs
458 412 543 472 obire
562 410 682 492 publica
700 412 816 491 potuit,
837 432 906 472 oum
927 408 1058 472 eiusdem
1079 413 1224 475 haeredes

95 542 98 547 .
138 499 247 574 singuli
265 499 402 557 triremes
428 500 575 557 instruero
597 505 722 575 propter
744 497 932 556 fortunarum
962 494 1133 557 tenuitatem
1162 506 1233 557 non*

137 583 271 661 possint,
293 583 356 641 sire
370 584 458 640 etiarn
473 602 538 656 sos,
561 582 613 659 qui
634 581 834 639 voluntariam
854 581 972 640 coivere
988 583 1157 641 societatem
1175 583 1230 642 vsl·

138 666 399 731 mercimoniorum
408 668 458 725 vel
473 668 517 724 rei
527 665 699 744 ¹cuiuspiam.
711 665 842 739 ulterius,
858 682 986 744 quorum
1001 664 1113 741 singuli
1128 664 1225 725 totum
1319 712 1333 738 ρ
1360 680 1365 691 ·

138 751 339 808 communium
352 770 441 829 opum
458 769 577 808 censum
590 768 651 807 non
665 748 823 807 habebant.
843 750 1015 811 κοινωνικοὶ
1028 751 1128 825 igitur·
1139 769 1241 817 smo-¹

138 833 263 892 iumenti
277 845 308 891 ot
320 834 486 892 detrimenti
502 845 572 895 sont
587 834 765 911 participes,
783 828 1024 914 'Gerelbelsaflm
1044 850 1141 891 wour.
1165 835 1226 892 Cur

138 916 169 977 bi
183 919 361 996 symmoritis
374 920 484 978 exemti
496 919 618 990 suerint,
633 916 1081 977 docentorammaiiciawolfio
1089 917 1227 977 Reiskio-

140 1022 201 1079 que
212 1001 288 1063 adh.
299 1003 321 1064 1.
335 1002 459 1063 lsudsti.
479 1002 617 1060 Reisltius
634 1002 744 1078 accipit
758 1000 796 1059 de
811 1002 964 1074 iratribus,
980 1002 1031 1078 qui
1048 1002 1227 1078 patrimonio

138 1105 199 1145 non
214 1086 308 1147 diuiso
321 1096 459 1145 utuntur.
479 1087 581 1161 Neque
594 1087 720 1144 inultum
733 1105 875 1162 repugno.
899 1085 982 1157 Quae
998 1084 1139 1164 deinceps
1151 1086 1227 1147 ibid.
1270 1092 1280 1105 '

140 1169 271 1247 disputat
290 1169 327 1229 de
350 1168 494 1229 sortiendi
507 1169 671 1245 iniquitate,
693 1190 752 1247 quo
765 1188 802 1227 ex
816 1171 1013 1246 corrrplurium
1026 1170 1152 1231 fratrum
1169 1160 1236 1245 riu-2
1308 1184 1312 1192 ’

139 1274 221 1313 mero
237 1274 314 1313 unus
333 1254 498 1326 eximetur,
521 1255 572 1328 qui
586 1260 639 1330 τῆς
659 1256 850 1332 τριηραρχίας
869 1273 977 1314 munus
1003 1254 1108 1327 obeat,
1131 1256 1228 1315 nostri

139 1340 204 1396 sevi
219 1337 352 1394 moribus
373 1340 491 1395 omnino
514 1339 710 1410 conveniunt,
733 1356 792 1414 quo
806 1337 979 1398 huiusmodi
998 1349 1114 1398 sumtus
1133 1360 1227 1400 nona
1275 1374 1283 1383 ·

138 1422 242 1499 paucis
257 1420 427 1494 ditioribus,
442 1440 556 1494 verum,
565 1422 607 1480 uti
616 1443 669 1500 par
683 1432 736 1495 est,
751 1421 788 1479 ab
801 1424 941 1481 universa
953 1423 1070 1500 republ.
1079 1424 1236 1484 seruntur·

140 1504 257 1575 Quodsi
271 1524 343 1562 vero
360 1526 417 1582 pro
431 1508 604 1588 τριηραρχίρ
624 1506 674 1565 vel
696 1507 863 1589 λειτουργίᾳ
882 1507 1069 1583 rescripseris
1088 1504 1228 1567 militiam

140 1601 314 1659 terrestrem,
334 1598 369 1647 ut
386 1591 418 1647 iu
430 1588 477 1647 his
492 1590 570 1647 notis
591 1600 737 1668 perpetuo
763 1609 864 1649 errore
884 1589 956 1649 tecit
972 1591 1125 1664 Reiskius,
1150 1592 1229 1651 sius·-

141 1670 207 1751 dom
222 1671 301 1730 ratio
310 1674 446 1748 exiguam
459 1673 549 1733 habet
563 1684 666 1733 nostro
682 1684 818 1753 tempore
824 1675 1042 1734 suctoritatem.
1056 1676 1114 1734 Sed
1122 1675 1236 1737 huius-¹.

139 1754 223 1815 modi
245 1756 444 1833 disceptatio,
461 1759 529 1835 quia
546 1756 621 1817 sibit
638 1759 676 1818 ad
691 1756 917 1817 Demosthenem
936 1758 1083 1837 pertinet,
1107 1780 1123 1818 a
1143 1760 1229 1819 nobis

140 1856 199 1897 non
215 1838 396 1899 instituetur.
425 1843 506 1900 Haec
520 1851 636 1901 taniam
650 1855 817 1915 modernus,
839 1843 936 1899 visum
959 1863 1022 1901 esse
1036 1841 1235 1906 Demostheni.

140 1932 223 1983 recte
243 1944 273 1980 se
291 1922 401 1984 babere
420 1927 496 1985 illud
513 1934 733 2001 argumentum,
764 1926 844 2003 quod
867 1945 921 1983 suo
942 1926 1053 1985 Lexico
1072 1927 1230 2004 adscripsit

139 2007 359 2084 Harpocration
374 2030 477 2069 causas
495 2011 618 2069 afferens
626 2052 635 2083 ,
661 2030 715 2069 cur
736 2010 780 2068 illi
801 2011 852 2067 vel
874 2010 979 2069 fratres
999 2011 1048 2069 vel
1070 2012 1228 2086 tibicines,

143 2091 193 2168 qui
209 2112 243 2150 rs
256 2092 392 2152 familiari
407 2095 568 2153 utebantur
583 2095 613 2152 in
633 2114 725 2153 unum
746 2093 872 2175 collata,
894 2093 1105 2179 trierarohntup¹
1120 2095 1236 2153 immu-,

141 2194 194 2234 nos
206 2177 325 2235 fuerint.
341 2198 564 2237 nmsroonur.
578 2179 623 2237 -V.
636 2177 760 2237 Photius
776 2198 802 2237 οι
820 2181 889 2241 129.
906 2198 1067 2237 sansures.
1119 2175 1123 2183 ’

204 2292 237 2352 Ρ.
261 2299 330 2359 182.
352 2313 381 2353 v·
405 2302 453 2360 16.
474 2298 504 2359 εί
515 2300 558 2368 τις
580 2290 743 2376 dirivatur]
765 2299 793 2355 S.
817 2300 1009 2373 λειτουργεῖν.
1032 2296 1060 2353 si
1078 2296 1232 2376 quispam
1261 2300 1264 2304 ’

139 2377 237 2457 perior
251 2393 292 2435 est
300 2423 308 2452 ,
331 2400 420 2460 quam
433 2395 464 2437 ut
476 2379 651 2460 reipublicae
664 2384 810 2441 inserviat.
826 2398 921 2437 wour.
944 2378 1036 2437 Recte
1051 2380 1232 2459 interpreto-

142 2469 192 2518 tur
204 2461 345 2535 wolfius,
368 2482 423 2519 nnc
437 2480 502 2520 cum
521 2462 640 2520 Reiskio
660 2465 690 2521 in
705 2473 775 2521 nota
790 2462 826 2518 ad
840 2482 868 2519 v.
889 2468 938 2526 12.
964 2462 1000 2521 do
1022 2465 1156 2542 corporis
1171 2463 1231 2520 irn-

141 2543 304 2601 bccillitate
328 2554 381 2606 aut
395 2545 545 2604 debilitate
562 2547 794 2622 intelligendum.
822 2544 858 2603 V.
875 2544 1005 2602 boeckh.
1025 2548 1046 2604 1.
1062 2565 1089 2606 c.
1112 2566 1232 2605 scimur.

144 2743 164 2802 d
207 2659 238 2757 P
267 2666 334 2725 182.
354 2681 383 2720 v.
406 2666 454 2726 17.
476 2660 579 2740 ταῦτα]
606 2661 699 2722 Abest
713 2685 730 2721 a
745 2663 833 2723 Paris.
845 2661 976 2741 secundo
994 2673 1024 2721 et
1036 2663 1109 2741 Aug.
1123 2684 1233 2722 secuu-

167 2765 194 2802 ο.
215 2764 311 2801 rimas.
680 2769 683 2774 ·

118 2918 121 2923 ,
207 2845 238 2902 Ρ.
262 2849 333 2909 182.
356 2866 386 2905 v·
414 2852 463 2912 18.
488 2830 519 2908 ts
537 2847 642 2907 τοίυυυ
664 2824 961 2925 τούτου-ἔχουσαν
982 2834 1128 2924 indutus]
1155 2842 1236 2907 citat

143 2927 267 2987 Plloiius
298 2948 323 2985 c·
349 2932 439 3009 4⁰⁵„
468 2930 616 3011 scripturi
647 2933 758 3013 partim
790 2930 907 2991 diversi
933 2931 1045 3010 partim
1081 2933 1233 3026 corrupti.

143 3032 303 3071 1111111111.

206 3115 237 3171 1.
263 3119 332 3179 iso.
354 3134 384 3173 v.
409 3120 457 3180 18.
481 3106 597 3195 stopa]
619 3110 701 3196 ons.
715 3116 841 3176 serta.
864 3116 1014 3176 siceram
1028 3084 1234 3176 rimante.

143 3218 300 3257 sortiturus.

206 3301 238 3359 Ρ.
264 3305 386 3364 1811.
411 3304 460 3365 18.
487 3300 666 3379 συμμορίας]
698 3303 732 3360 V.
748 3301 902 3360 Philemon
923 3323 955 3382 p.
979 3306 1049 3366 141.
1072 3322 1096 3360 s.
1122 3301 1234 3363 Osann.

145 3393 175 3440 et
186 3387 315 3442 Zonaras
329 3404 353 3440 c.
373 3386 475 3460 1685,
497 3385 567 3443 call.
581 3387 747 3463 Etymolog.
763 3386 801 3446 M.
817 3406 844 3444 c.
859 3391 931 3457 734,
946 3388 996 3452 35.
1015 3405 1175 3447 scrituras.

208 3484 241 3540 P.
266 3488 337 3546 182.
357 3504 387 3542 v·
411 3492 460 3548 20.
483 3486 557 3564 νῦν]
581 3488 632 3549 καὶ
651 3493 708 3549 νῦν
722 3488 815 3547 Paris.
833 3488 962 3564 quintus.
977 3507 1073 3547 uersu.

145 3667 157 3724 l
209 3583 241 3641 P·
267 3589 337 3647 182.
360 3602 389 3642 v·
412 3590 464 3648 20.
488 3587 613 3665 ἔχουσαν
634 3584 778 3667 ἑκάστην]
810 3582 937 3667 ἒιιοίστηυ
962 3588 1091 3670 ἔχουσαν
1112 3585 1236 3646 Phoda·

160 3710 166 3724 .
185 3686 210 3723 c.
230 3687 388 3725 scissurus.

211 3768 243 3827 Ρ.
268 3773 338 3833 182.
360 3786 390 3827 v·
412 3757 471 3834 21.
497 3772 606 3833 διελεῖν
624 3764 735 3833 κελεύω
757 3769 845 3834 ssim
866 3770 961 3852 μίρη]
989 3773 1067 3849 Lego
1090 3771 1133 3843 είς
1151 3769 1238 3834 ssim

146 3851 237 3930 μέρη,
272 3870 442 3929 quanquam
465 3861 568 3930 postea
588 3856 722 3932 sequitur
747 3851 993 3919 8111111αέ11τοῦ
1016 3852 1240 3934 διαγράμματος

147 3942 246 4019 seipsi
261 3931 370 3996 satida
383 3938 457 4016 μέρη
473 3939 575 4013 sirtori,
591 3940 645 3998 etsi
659 3950 687 3998 et
700 3940 750 4002 hie
762 3951 797 4002 ut
812 3962 830 4000 s
843 3941 965 3999 librario
978 3941 1016 3998 sit
1032 3941 1137 4013 omissa
1149 3956 1240 4016 prse-

148 4018 255 4096 positio
270 4018 333 4076 fieri
350 4031 459 4097 potest:
482 4023 557 4081 dura
571 4033 652 4082 cette
667 4035 711 4085 est
725 4027 920 4096 constructio.
944 4025 991 4082 Sic
1005 4034 1033 4082 et
1049 4023 1242 4102 spudPlsto-

148 4122 215 4160 nem
236 4103 345 4177 legitur
366 4108 403 4164 de
426 4108 568 4184 Legibus:
590 4109 689 4189 υίμειυ
707 4123 813 4193 πάντα
828 4112 870 4173 ἐκ
892 4115 947 4190 γῆς
970 4102 1113 4190 γινόμενα
1129 4101 1246 4168 edesus

149 4186 233 4264 pipp.
256 4187 307 4245 ubi
327 4206 380 4264 ego
400 4193 514 4251 malim:
543 4193 642 4273 υίμειυ
659 4194 742 4281 nais»,
786 4198 829 4274 ρὰ
849 4194 881 4258 is
900 4198 952 4265 τῆς
968 4198 1022 4274 γῆς
1041 4183 1180 4273 γιυόμυνα
1202 4190 1247 4260 είς

150 4267 266 4333 daidsne
284 4270 370 4352 μίρη.
393 4275 572 4338 Incredibile
590 4288 653 4359 est,
683 4250 824 4394 affigat,
849 4278 967 4341 artiouti
981 4286 1012 4336 et
1028 4276 1103 4334 atius
1118 4271 1250 4333 atam-s

1279 4402 1353 4447 ,ai
