2768 4724
200 214 264 283 sss
306 180 311 187 ’
375 200 783 273 na-ucnsnsrnran
812 208 1141 290 nisssnrsrro:

200 385 255 465 qui
275 382 408 443 offertut*
420 380 500 441 hano
526 378 729 451 occasionem,
757 396 816 455 qua
838 377 863 438 ai
883 400 944 440 non
964 392 1111 459 utantur,
1138 388 1237 447 vereri
1258 404 1302 461 te,

200 490 241 529 ne
260 488 326 529 amn
350 476 539 527 contemnere
567 463 734 525 videantur.
760 492 806 509 -
837 462 878 522 At
897 466 1029 544 primum
1052 469 1090 533 id,
1106 470 1218 531 salsum
1246 483 1303 546 est,

201 556 297 614 altero
317 551 427 611 borum
446 551 584 611 locorum
602 548 695 625 magis
714 547 906 627 comprobari
926 570 1015 629 quam
1035 553 1145 628 altera,
1177 557 1303 617 ‹leorusn

201 637 441 698 &ursolentium
459 634 572 695 adesse.
620 634 664 691 uo
695 631 852 707 differunt,
887 636 970 713 quod
995 636 1027 695 in
1048 639 1184 699 oratione
1205 641 1309 719 primo

201 720 415 783 Demosthenes
446 740 500 799 spe
521 718 661 795 erigitur,
693 718 774 793 sore,
801 725 838 776 nt
858 730 945 796 grato
975 721 1073 781 arriano
1094 724 1305 785 benovolentia

201 816 343 878 utantur,
363 810 397 865 iu
410 805 497 865 tertia
509 822 603 887 aero,
623 801 756 861 timuisse
768 820 852 876 eum,
875 824 915 863 ne
931 824 992 863 nott
1008 816 1146 881 utantur,
1168 813 1303 887 apertius

202 900 256 952 eat.
300 890 385 963 Quae
404 908 453 949 res
474 888 595 948 omnino
614 896 735 945 nostrae
748 887 883 965 opinioni
895 888 985 949 favet
1028 892 1098 963 Quo
1111 894 1206 969 magia
1222 898 1305 955 enim
1370 910 1373 915 '

201 984 322 1035 menne
340 994 426 1052 agere
444 972 632 1050 negligebant
641 970 835 1030 Adseriicnees
841 1014 850 1046 ,
872 992 908 1033 eo
930 975 1022 1051 magis
1041 986 1144 1035 orator
1160 980 1301 1041 metuisse

194 1061 323 1138 suisque
335 1058 476 1119 institisse
491 1056 643 1136 putandus
656 1064 708 1114 eat.
751 1054 845 1134 quue
857 1076 918 1115 non
931 1060 962 1117 in
977 1058 1090 1137 prima,
1112 1061 1163 1121 uhi
1178 1082 1300 1139 sperare

200 1144 326 1219 licebat,
342 1143 397 1203 aed
418 1143 450 1201 in
476 1143 565 1201 tortia
585 1150 668 1199 recte
688 1138 769 1199 lecit.
790 1170 835 1187 -·
861 1141 996 1221 Denique
1020 1154 1120 1203 autem
1137 1146 1299 1207 ridiculum

200 1232 256 1305 eat,
276 1229 303 1287 ai
315 1228 383 1306 quis
398 1235 549 1286 oratorem
561 1224 660 1305 primo
674 1234 894 1285 concertantem
908 1237 938 1286 et
950 1228 1114 1303 litigantem
1129 1250 1199 1291 cum
1212 1233 1302 1297 mul-,-

199 1312 347 1387 titudine,
375 1332 413 1371 an
431 1330 504 1370 rere
518 1309 644 1369 deorum
663 1309 758 1387 gratia
775 1308 835 1368 hac
856 1310 888 1369 in
913 1332 947 1370 re
968 1314 1157 1391 apparuerit,
1189 1314 1299 1377 deinde

200 1407 299 1457 autem
321 1415 497 1457 concessum
520 1392 627 1453 eihoc
642 1393 760 1457 aturbe
774 1403 805 1453 et
819 1414 967 1455 consensu
979 1397 1128 1457 tis-rnatum
1143 1398 1200 1459 sibi
1214 1400 1298 1477 cogi-

199 1491 253 1542 tat
274 1512 318 1527 -
345 1482 449 1555 Quare
466 1487 583 1538 tanturn
608 1477 712 1551 abest,
746 1488 782 1536 ut
805 1477 986 1538 scholiastes
1006 1482 1071 1540 reri
1091 1484 1172 1559 qaaid.
1191 1494 1297 1543 contra

198 1565 377 1645 Dionysium
400 1565 566 1637 monuerit,
602 1570 637 1621 ut
658 1562 745 1621 nobis
770 1563 958 1623 occasionem
985 1565 1105 1625 dederit
1124 1567 1297 1627 inveniendi

198 1651 358 1725 nonnulla,
381 1670 458 1727 quae
470 1646 614 1726 Dionysio
630 1646 746 1723 egregie
758 1647 869 1707 favent.
1253 1702 1260 1719 ,

258 1734 472 1793 Lucchasiniua
489 1752 562 1791 vero
582 1731 713 1791 rationes
733 1740 837 1791 contra
850 1730 1027 1809 Dionysium
1045 1734 1149 1814 paullo
1173 1736 1296 1815 quidens

158 1821 351 1899 10grariorca
362 1818 471 1889 attulit,
491 1817 611 1875 minime
623 1824 721 1873 tomen
732 1815 957 1895 insuperabilem
1000 1818 1080 1877 llicit
1095 1820 1182 1893 eninr,
1205 1842 1296 1898 (paam

199 1904 359 1981 llionyaius
380 1901 468 1961 tertio
489 1902 556 1959 loco
577 1899 728 1979 posuerit,
763 1920 828 1959 corn
849 1901 975 1979 primam
996 1922 1065 1961 esee
1081 1902 1206 1963 debore:
1235 1908 1293 1977 „in

197 1989 276 2066 „ista
289 1987 370 2046 enim
384 1983 599 2045 Demosthenes
616 2004 675 2043 raon
693 1984 791 2043 solum
813 1985 893 2067 cives
905 1984 1069 2046 iullamrnat
1081 1987 1121 2049 ad
1136 1988 1295 2047 ierernlum

195 2070 369 2150 „Olynthiis
389 2071 552 2143 auxilium,
580 2066 632 2127 sed
655 2077 771 2142 mouet,
792 2078 829 2127 ut
847 2069 922 2127 illuc
942 2070 1057 2147 legatos
1078 2073 1219 2147 mittent,
1241 2079 1293 2152 qui

157 2218 160 2223 ,
196 2155 309 2235 „lanius
328 2176 384 2235 spe
404 2155 580 2214 confirment
596 2153 709 2212 artimus
722 2163 805 2213 metu
821 2154 943 2212 fractos.
989 2154 1079 2227 Quod
1093 2158 1252 2217 consilium
1267 2160 1295 2219 si
1319 2220 1324 2229 ,

196 2249 321 2319 „orator
328 2239 471 2319 providus
484 2260 520 2297 ac
531 2237 741 2296 solertissimus
754 2237 786 2295 in
798 2238 915 2297 tertium
928 2240 1103 2299 concionem
1116 2242 1292 2313 distulisset,

196 2327 282 2403 „eiua
303 2325 441 2403 profecto
468 2321 627 2401 prudentia
653 2322 883 2383 desideraretur.
933 2324 1046 2385 lleinde
1074 2324 1106 2383 in
1135 2324 1194 2385 hac
1225 2329 1295 2406 ipsa

196 2410 353 2487 „oratione
365 2406 499 2485 Philippi
519 2406 656 2464 sordidos
679 2427 792 2480 arsuros,
813 2408 969 2483 illatasque
982 2417 1028 2468 tot
1045 2410 1197 2489 teratiaquc
1220 2432 1295 2487 gerr-

197 2494 298 2570 „tibus
311 2492 434 2551 iniurias
448 2488 616 2565 singillatim
630 2500 772 2550 recenset.
815 2490 854 2552 At
867 2510 956 2569 quam
971 2494 1058 2568 louge
1072 2494 1199 2553 alienum
1216 2508 1290 2555 esset

196 2599 236 2653 „a
247 2576 404 2636 clarissirni
420 2574 726 2651 oratorissagacitnte,
749 2575 775 2633 si
788 2572 865 2634 hacc
880 2574 979 2635 dicore
992 2576 1026 2634 in
1038 2578 1134 2655 prima
1149 2580 1295 2641 castelona

195 2660 479 2741 „preetern1isisset,
500 2680 578 2737 quac
594 2659 725 2717 omniurn
739 2660 866 2719 artaxiam
878 2660 917 2717 ad
932 2681 1051 2721 causam
1066 2662 1229 2719 saciuntl“
1262 2694 1266 2699 ·

258 2746 386 2805 Miratur
399 2766 469 2821 ergo
486 2740 698 2803 Lucclresinius
710 2744 742 2801 in
757 2745 844 2802 tertia
855 2744 973 2803 <letarum
989 2745 1153 2821 adlegatos
1168 2744 1293 2805 mitten-

195 2830 253 2891 dos
267 2831 349 2890 cives
362 2830 526 2889 admoueri.
568 2828 644 2887 Nam
664 2828 689 2886 si
711 2828 799 2886 tertia
819 2826 896 2887 hacc
920 2838 1012 2903 esset,
1034 2829 1178 2893 auxilium
1191 2830 1294 2889 leren-

195 2915 270 2973 dnm
290 2936 354 2973 ease
374 2915 516 2973 artasiasot
533 2926 653 2985 orator,
687 2922 849 2991 propterea
870 2912 952 2990 quod
969 2912 1076 2971 foedus
1097 2934 1154 2990 per
1177 2914 1291 2989 legatos

194 2998 279 3057 haud
291 3000 382 3056 dubie
396 3000 511 3056 sactum
522 3008 597 3073 crat,
619 3006 655 3055 ut
669 2996 769 3073 colligi
780 3005 881 3075 potest
893 3018 932 3056 cx
943 2996 1010 3056 loco
1023 3018 1055 3075 p.
1070 3001 1122 3061 29.
1136 2996 1291 3078 (emtionis

194 3079 358 3161 secmrdae)
382 3083 447 3141 init.
470 3078 553 3154 ’ὅπως
569 3078 643 3153 τούς
662 3079 833 3159 συμμάχους
854 3075 1013 3159 σώσωμεν,
1054 3090 1084 3141 et
1101 3082 1211 3141 auxilia
1231 3083 1292 3141 iam

193 3169 296 3240 missa,
315 3176 351 3224 ut
364 3186 401 3224 ex
415 3167 517 3225 cadem
530 3166 664 3225 oratione
676 3175 807 3244 apparet.
843 3166 904 3223 Cur
917 3184 987 3241 ergo
996 3164 1106 3223 iterum
1122 3166 1232 3243 legati?
1251 3200 1291 3211 -

194 3252 235 3311 At
254 3270 313 3309 non
338 3260 401 3307 tam
422 3250 627 3329 periculosum
648 3260 695 3309 ost
714 3248 773 3309 hoc
795 3260 1016 3327 argumentum,
1049 3270 1140 3327 quam
1157 3251 1290 3311 violetur.

194 3335 310 3408 Quidni
319 3335 396 3393 enim
412 3336 628 3412 praetermittat
643 3335 794 3413 prioribus
808 3336 839 3393 in
851 3334 1034 3393 orationibus
1048 3334 1203 3409 legationis
1219 3336 1292 3396 mit-

193 3420 301 3480 tendae
319 3420 527 3479 mentionem?
556 3422 660 3479 Nonne
673 3440 729 3499 per
743 3440 773 3477 ae
789 3419 1034 3494 nitotligebstur,
1049 3436 1180 3496 quocum
1194 3420 1292 3479 socie-

193 3514 284 3565 tatem
305 3504 380 3563 inire
397 3505 523 3578 vellent,
548 3506 573 3563 ei
594 3504 654 3563 hoo
674 3503 875 3563 trunciandum
899 3504 986 3563 esse?
1015 3503 1132 3574 Quodsi
1149 3502 1187 3561 ad
1202 3504 1291 3563 auxi-

192 3590 328 3651 liandum
340 3610 412 3649 suos
432 3600 652 3661 commoverat,
675 3598 781 3666 sponte
796 3609 845 3649 ecs
860 3588 973 3647 sciebat
987 3588 1167 3663 legationem
1178 3588 1290 3647 artimu-

190 3696 245 3737 τοι
272 3696 346 3735 esec
368 3706 409 3719 -·
436 3675 532 3751 Igitur
550 3676 575 3739 si
597 3675 629 3731 in
648 3677 742 3751 priam
773 3683 803 3731 et
821 3673 952 3731 secunda
971 3692 1028 3751 per
1047 3691 1080 3731 se
1098 3670 1158 3731 hoe
1177 3668 1290 3729 sciebat

191 3760 335 3837 intelligi,
361 3780 433 3819 num
450 3760 482 3817 in
499 3760 588 3818 tertia
603 3759 700 3825 anianus
712 3778 768 3835 por
779 3780 814 3817 ae
832 3754 1075 3833 intelligebatur?
1094 3753 1200 3812 inutile
1215 3742 1301 3831 orgo'

190 3844 267 3904 illud
286 3846 451 3926 πρεσβείαν
469 3842 504 3904 tt
526 3844 669 3921 πέμπειν,
696 3838 763 3921 ἥτις
784 3834 871 3905 ταῦτ’
886 3842 965 3921 ἐρεῖ,
992 3841 1044 3903 sni
1061 3836 1206 3919 παρέσται
1225 3844 1295 3912 τοῖς·

190 3923 361 4012 πράγμασις
387 3954 432 3975 -ι
459 3924 548 3986 Haud
573 3947 658 4003 aegro
682 3928 793 3987 ferrern
818 3924 856 3985 ab
875 3934 995 3985 oratore
1026 3922 1106 3983 dicta
1131 3923 1289 3999 quaedam,

149 4037 180 4090 11
190 4033 268 4093 quae
281 4036 337 4093 per
355 4033 387 4073 se
400 4022 472 4072 aunt
485 4013 582 4085 clara,
610 4013 706 4071 multa
724 4012 818 4085 enim,
837 4010 897 4069 nisi
918 4008 1183 4081 liocconcesstun,
1206 4008 1287 4087 apud

188 4098 317 4177 optimos
329 4107 470 4158 auctores
482 4098 646 4157 resecanda
662 4106 769 4157 essem.
810 4094 873 4154 Sed
888 4114 924 4154 ue
940 4113 1017 4173 opus
1031 4093 1154 4171 quidem
1169 4102 1213 4153 est
1229 4092 1288 4153 ltac

186 4184 312 4243 ratione.
355 4186 477 4242 Summo
490 4185 522 4241 in
536 4183 669 4262 periculo
688 4189 822 4239 sanatos
840 4179 899 4239 iam
910 4200 975 4239 esso
990 4176 1151 4258 Olynthios
1167 4199 1237 4239 acum
1251 4200 1290 4245 ex

187 4268 268 4342 l.-l.,
297 4278 363 4329 tum
383 4288 421 4329 cx
443 4267 663 4329 armentariae
692 4265 851 4341 diacianus;
888 4265 961 4343 quin
981 4265 1032 4325 illc
1053 4266 1127 4325 locu
1140 4264 1298 4327 rationem·
