2768 4724
170 223 233 292 are
265 278 268 283 .
454 256 458 263 ·
495 216 498 223 ·
532 211 909 282 eruorsrrours
1008 175 1014 185 ’

179 406 195 429 ”
237 392 270 451 Ρ.
295 379 365 455 122.
389 406 417 447 v·
441 394 471 453 1.
495 383 541 451 ln
562 374 616 451 edu
635 382 762 468 xposo'v]
783 383 829 451 das
838 371 890 449 soi
903 381 1020 466 ppuodu
1037 389 1073 446 P.
1085 386 1197 447 Manat
1217 383 1266 454 ὅτι

172 471 226 541 rdr
242 471 353 556 χρυσὸν
367 467 506 553 roivlsic)
531 472 564 551 ἐκ
582 477 641 534 τῶν
656 469 777 550 Μήδων
794 473 968 548 Bavaricus.
992 467 1038 536 dn
1057 474 1108 535 καὶ
1120 469 1174 536 τὸν
1187 497 1265 556 χρυ.

174 550 229 623 oda
243 556 297 621 τόν
312 559 345 620 ἐκ
357 563 417 643 raia
433 551 555 636 Μήδων
571 556 721 636 appendix
730 556 975 617 francofurtana.
997 576 1093 616 aaran.

176 666 180 675 ’
215 700 218 705 ’
237 677 273 754 P
295 681 365 739 122.
388 674 417 734 ii.
442 682 471 740 1.
494 671 624 755 χρυσὸν]
647 674 717 732 hlox
732 694 761 733 v.
776 680 806 739 8.
829 675 963 753 χρυσίον.
1007 674 1101 753 lgitur
1117 674 1263 738 hocloco

173 752 283 841 χρυσός
295 754 355 818 ηόιι
369 758 405 818 dc
420 780 492 818 auro
508 759 637 831 inlecto,
658 756 712 816 s'ed
728 757 765 816 de
781 760 909 816 nummis
926 759 1022 817 aureis
1036 760 1263 837 intelligendum

174 854 227 903 est.
235 843 300 902 Non
314 845 420 902 mirum
434 853 533 903 autem
544 842 769 922 Epigrammatis
786 842 948 901 arationem
968 840 1054 901 evehi
1070 862 1162 926 supra
1173 847 1262 921 ‘vulgi

174 948 347 1007 sermonem.
368 928 480 985 Eodem
496 926 585 984 modo
599 924 776 998 vernacule,
787 924 906 1003 quanda
921 926 1016 985 oratio
1032 928 1265 1006 surgitputimur

170 1022 248 1073 r'oce
265 1007 346 1071 Gold
358 1011 552 1088 intelligentes
564 1028 710 1069 nummos.
733 1028 893 1068 senseras.

204 1124 217 1149 ⁵
236 1123 278 1191 P(
292 1135 363 1194 122.
386 1148 416 1186 v.
438 1134 469 1191 2.
493 1124 524 1187 ἐκ
542 1132 602 1189 coir
627 1120 758 1205 Μήδων]
785 1127 818 1190 ἐκ
839 1125 963 1208 Μήδων
982 1128 1108 1189 Beklrer.
1139 1149 1262 1203 senaar.

175 1310 178 1317 ⁸
236 1249 268 1309 P.
291 1252 363 1313 122.
385 1265 414 1304 r.
436 1248 467 1308 2.
490 1243 532 1315 εἰς
548 1238 798 1325 Πελοπόννησον]
825 1245 883 1303 Pro
897 1245 939 1316 εἰς
953 1239 1007 1308 adv
1022 1243 1261 1326 Πελοπόννησον

172 1333 312 1394 Aldinum
325 1329 436 1395 rectius
452 1327 494 1399 ele
509 1322 754 1407 Πελοπόννησον.
795 1327 885 1400 Quod
904 1328 930 1386 si
951 1329 1111 1389 articulum
1129 1334 1259 1393 retinere

171 1416 335 1500 placuerit,
356 1413 413 1491 τὴν
428 1430 551 1493 repone.
575 1432 673 1470 wear.
697 1414 741 1488 sle
761 1409 998 1491 Πελοπόννησον
1019 1414 1124 1478 Aldus.
1146 1417 1188 1489 ele
1204 1412 1259 1480 ede

54 1499 57 1507 ¹
172 1497 409 1574 Πελοπόννησον
424 1494 456 1554 P.
472 1492 582 1555 Manat.
594 1495 673 1554 unde
687 1504 755 1554 neta
774 1505 818 1555 est
839 1494 914 1554 haec
937 1496 1152 1558 animadversio
1178 1500 1260 1559 Wol-

169 1585 219 1659 fit,
247 1591 402 1663 praestare
424 1575 480 1658 ssia
501 1579 708 1659 addi„quam
726 1573 798 1656 siv,
828 1581 854 1638 si
868 1578 1011 1640 articulus
1034 1581 1188 1643 addendus
1209 1586 1257 1643 sit.

36 1670 263 1748 ...xum

196 1836 198 1841 ,
231 1768 266 1828 P.
289 1769 361 1847 122.
384 1783 413 1823 v.
435 1771 467 1831 2.
491 1755 712 1841 οὖκἈθήναζε]
735 1744 894 1838 Homines,
918 1765 969 1844 qui
989 1765 1075 1826 lucro
1091 1768 1259 1829 metiuntur

166 1849 281 1924 omisis,
309 1848 459 1926 suspicari
481 1855 606 1925 queant,
635 1842 804 1903 Arthmium
829 1845 898 1906 ideo
916 1851 1138 1931 proscriptum,
1174 1852 1258 1931 quod

63 1934 65 1939 ’
167 1932 406 1999 Lacedaemoniis
426 1931 541 2012 potius,
577 1948 665 2008 quam
687 1927 931 2007 Atheniensibus,
968 1954 1074 2003 aurum
1096 1936 1254 1997 attulisset.

166 2020 278 2080 Verum
293 2017 438 2075 sententia
456 2012 660 2072 Demosthenis
679 2011 769 2090 plana
784 2022 814 2070 et
831 2006 991 2095 perspicue
1012 2028 1069 2078 est:
1092 2018 1257 2079 Athenien-

165 2123 213 2163 ses
228 2100 345 2162 dedisse
357 2119 493 2178 oporam,
515 2109 655 2177 tanquam
669 2082 854 2157 Graecoihm
866 2101 1036 2181 principes,
1065 2122 1103 2162 ne
1121 2103 1172 2182 qui
1185 2105 1256 2162 bar-

85 2223 87 2227 1
164 2184 265 2247 herico
288 2204 361 2243 auro
384 2189 662 2261 corrumperentur,
696 2179 782 2237 etiam
806 2192 891 2241 extra
912 2185 1050 2243 Atticam.
1072 2204 1170 2245 wonr.
1198 2175 1256 2250 ndu

160 2265 313 2351 Ἀθήναζε
329 2263 773 2327 videturamanusecuudain
785 2264 937 2325 Hasrison.
964 2269 1033 2325 Non
1049 2269 1082 2326 in
1098 2270 1163 2349 ipsa
1178 2272 1255 2330 stela
1290 2306 1295 2315 ·

163 2353 285 2414 suerunt
298 2349 380 2409 'haec
400 2351 498 2410 'verba
529 2358 666 2420 exarata,
704 2346 759 2404 sed
784 2346 821 2405 ab
849 2359 967 2408 oratore
996 2351 1254 2430 interpretationis
1284 2390 1291 2396 ·

162 2437 257 2516 partie
271 2444 304 2495 et
319 2452 377 2512 quo
395 2434 438 2495 re'i
451 2436 512 2492 vim
526 2433 649 2491 adderet
662 2429 770 2487 addita.
814 2431 991 2508 Arthmium,
1013 2435 1066 2513 qui
1082 2456 1141 2494 non
1158 2437 1253 2496 Athe-

162 2521 277 2580 uienses
293 2518 390 2598 ipsos,
421 2518 473 2578 sed
492 2514 677 2575 solummodo
698 2514 927 2593 Peloponnesios
951 2516 1110 2596 quosdam,
1132 2519 1191 2578 hoc
1207 2534 1254 2583 est

162 2612 338 2679 mneos,
362 2601 566 2680 largitionibus
582 2607 774 2676 corruperat,
797 2607 869 2659 tenr-
880 2621 982 2660 severa
998 2604 1253 2666 animadversione

159 2681 403 2768 presecutisunt.
427 2685 507 2759 Quid
519 2683 574 2742 hos
585 2692 673 2762 putas
687 2681 718 2739 in
733 2701 798 2740 eum
813 2683 903 2742 luisse
917 2685 1101 2761 decreturos,
1123 2689 1251 2749 aliumve

160 2772 301 2845 similem,
334 2771 359 2831 si
382 2762 449 2850 quis
469 2765 847 2869 Atheniensiumipsorum
869 2788 1047 2847 quemquam
1066 2770 1125 2831 hac
1145 2772 1251 2833 fraude

161 2874 314 2934 aggressus
327 2855 424 2913 esset?
461 2853 537 2911 Nam
550 2852 576 2910 si
590 2851 683 2909 verba
697 2872 754 2911 oon
765 2847 920 2930 Ἀθήναζε
932 2863 1048 2931 partem
1063 2856 1153 2916 stelae
1166 2848 1249 2932 facis,

160 2941 283 2999 exsistet
299 2937 465 3002 criminatio
476 2934 719 3006 ‘Adreniensium
743 2955 876 3012 qua-non
896 2938 953 2995 alia
971 2940 1066 3017 possit
1088 2943 1250 3017 excogitari

158 3023 336 3082 invidiosior
345 3027 443 3100 neque
456 3020 597 3079 atrocior.
642 3018 780 3075 Dicerent
798 3021 875 3079 enirn
889 3021 946 3079 sic:
968 3023 1083 3082 Aurum
1098 3025 1249 3084 Persicum

158 3126 220 3166 uon
235 3107 366 3165 Athenas
383 3104 501 3177 attulit,
521 3103 573 3162 sed
588 3102 618 3160 in
632 3102 886 3179 Peloponnesum3
908 3105 976 3164 ideo
991 3108 1249 3186 ulciscendusest3

158 3183 241 3268 quod
257 3191 281 3247 si
295 3190 379 3247 nohis
393 3188 565 3260 detulisset,
586 3183 751 3244 honoribus
769 3206 836 3245 eum
853 3192 975 3248 summis
990 3191 1144 3250 fuissemus
1167 3212 1250 3268 pro-

156 3273 299 3332 secuturi.
338 3274 422 3344 Quae
436 3271 493 3329 alia
532 3270 606 3329 ossit
619 3269 679 3327 dici
694 3267 809 3330 foedior
823 3282 854 3330 et
865 3273 1067 3350 impudentior
1081 3275 1245 3353 cupiditas!

107 3412 115 3441 a
158 3374 256 3414 uersu.
292 3356 388 3431 Signis
404 3293 615 3434 parentheseos
626 3352 700 3411 haec
714 3355 806 3415 verba
826 3356 960 3432 hugerus
980 3355 1110 3417 inclusit.
1154 3359 1246 3419 Plane

157 3439 284 3511 delevit,
312 3437 420 3522 ἤγαγεν
440 3448 554 3497 mutato
578 3436 610 3494 in
632 3432 741 3519 ἤγαγε,
762 3440 931 3498 Bekkerus:
954 3439 1037 3517 quod
1057 3460 1246 3520 summopere

152 3522 350 3583 laudandum.
392 3523 537 3581 Laudarit
551 3522 641 3580 etiam
655 3521 842 3581 doctissimus
857 3522 972 3583 llohree
995 3523 1032 3591 ad
1050 3525 1244 3606 Aristophan.

153 3608 231 3667 Plut.
256 3608 329 3675 655.
367 3607 403 3668 V.
424 3608 624 3666 commentar.
654 3605 695 3664 ad
723 3606 917 3686 Aristophau.
950 3608 1015 3668 Vll.
1048 3615 1077 3673 1.
1106 3632 1139 3690 p.
1170 3616 1242 3676 124.

150 3710 313 3752 sanarer.

214 3792 247 3850 P.
271 3796 343 3857 122.
365 3810 396 3852 v.
417 3796 447 3856 3.
472 3784 525 3870 dei]
548 3776 683 3869 tet'tug.
697 3789 821 3868 primus.
839 3790 872 3856 dl
887 3793 963 3871 Aug.
978 3796 1241 3858 secundusamsx.

214 3892 248 3950 P.
273 3886 397 3959 mr.
419 3899 450 3959 8,
472 3890 552 3972 πρὸς
568 3889 657 3970 Διὸς]
687 3891 806 3950 Omittit
827 3895 981 3974 appendix
1000 3888 1240 3959 Francofurtana

150 3973 454 4039 stHsrrison.ne1sx.
474 3977 628 4035 Bekkerus
641 3975 724 4035 dedit
736 3973 813 4056 πρὸς
827 3984 925 4053 θεῶν,
948 3978 1063 4036 omissis
1084 3978 1160 4056 Διὸς
1178 3984 1239 4058 ael,

147 4060 374 4147 putaquehsec
387 4062 448 4120 duo
464 4061 552 4121 etiem
567 4062 598 4118 in
610 4059 763 4118 Harrison.
778 4060 889 4120 deesse.
911 4082 1071 4123 sansures.

143 4239 163 4300 d
210 4158 243 4219 Ρ.
267 4167 338 4230 122.
360 4182 391 4223 r.
414 4160 444 4228 6.
467 4162 519 4226 sal
530 4159 684 4244 θεωρεῖτε]
706 4159 955 4242 Abeuntebsug.
969 4163 1068 4243 primo
1086 4175 1235 4229 etsecan-

164 4262 193 4304 0.
211 4263 308 4305 REIsK.
