2768 4724
183 887 524 1049 ‘nannum
583 900 1159 1052 amissionum

68 1127 73 1135 ·
290 1118 346 1207 ·,
438 1106 1004 1203 ΙΝΤοοοοοΤΙο
1091 1204 1093 1209 ,
1170 1207 1173 1211 ,

147 1269 264 1402 ans
284 1268 639 1402 ommonem
692 1270 773 1353 nn
830 1264 1237 1389 SYMMORHS‘*).

602 1510 806 1528 *1-

114 1766 115 1771 ,
149 1656 243 1787 Quo
257 1705 374 1767 facilius
391 1702 641 1787 perpetuabatur
657 1703 808 1766 Orationis
824 1708 1032 1790 interpretatio
1050 1707 1238 1786 succederet,

145 1793 245 1851 visum
267 1802 310 1851 est
331 1791 473 1869 quaedam
491 1790 630 1849 universis
650 1790 686 1849 de
708 1812 742 1853 ea
760 1794 896 1870 praefari.
932 1794 1239 1873 Exponemus-igitur

146 1877 179 1937 in
198 1876 256 1936 hac
269 1876 494 1937 introductione
513 1874 645 1954 primum
659 1875 697 1934 de
711 1881 866 1958 'ternpore'
878 1898 939 1958 quo
951 1878 1163 1944 Demosthenes
1181 1879 1238 1937 ha-

146 1960 247 2037 buerit
267 1961 439 2035 Orationem
462 1961 533 2037 περὶ
554 1965 755 2039 Συμμοριῶν,
779 1962 886 2024 deinde
906 1963 943 2041 da
955 1964 1093 2039 ‘auctoris
1110 1965 1236 2024 consilio

118 2116 120 2121 Ι
146 2055 236 2127 atque
250 2045 413 2124 argumenti
425 2043 573 2127 tractandi
589 2032 721 2130 ratione,
742 2048 862 2106 tandem
878 2048 915 2109 ds
926 2038 1079 2119 Orationis
1094 2048 1193 2113 titulo.

126 2180 129 2185 ·
228 2145 271 2224 A.
295 2144 463 2212 Orationem
486 2144 556 2225 περὶ
574 2149 758 2227 Συμμοριῶν
780 2148 872 2212 reiert
891 2148 1049 2229 Dionysius
1066 2148 1164 2230 Helie.
1179 2150 1234 2229 sp.

145 2231 182 2290 ad
201 2228 375 2290 Aminaeum
396 2253 426 2311 p.
450 2236 519 2295 121.
541 2231 605 2290 init.
625 2231 664 2296 ad
686 2231 870 2311 Olympiadis
891 2230 963 2290 CVI.
987 2255 1020 2309 a.
1034 2241 1080 2307 3.,
1104 2234 1247 2311 quiiuit·

144 2327 213 2376 ante
235 2314 305 2389 Chr.
329 2317 411 2389 854„
434 2334 526 2394 quum
548 2312 670 2373 Archon
683 2313 806 2375 Athenis
828 2327 905 2375 esset
925 2317 1085 2392 Diutimus3
1108 2308 1236 2397 eamque
1274 2370 1279 2382 .

143 2401 233 2461 fuisse
253 2398 329 2477 dicit
342 2400 469 2481 primam
484 2396 686 2474 Demosthenis
703 2401 897 2482 δημηγορίαν.
913 2404 915 2411 ’
929 2399 1019 2474 Quod
1037 2390 1184 2460 indicium
1208 2405 1235 2463 si

142 2501 248 2545 verum
267 2493 331 2559 est,⁴
348 2487 514 2565 'posteriora
532 2485 573 2542 ita
594 2493 664 2543 sunt
680 2483 867 2563 accipianda,
888 2491 923 2544 ut
940 2484 1097 2564 Dionysius
1119 2487 1235 2563 signifi-

142 2570 264 2642 ¹caverit,
279 2568 355 2627 hane
374 2569 543 2627 Orationem
560 2570 684 2648 primam
704 2568 794 2628 fuisso
813 2588 930 2642 earum,
946 2590 1018 2647 quas
1037 2571 1068 2628 in
1089 2572 1234 2643 concione

141 2655 249 2736 populi
263 2653 450 2712 Atheniensis
465 2653 603 2712 habuerit
619 2647 836 2713 Demosthenes.
865 2654 939 2710 Num
961 2656 984 2712 si
1007 2676 1109 2713 causas
1128 2655 1234 2714 foren-

142 2761 189 2798 ses
210 2739 370 2816 intelligas,
393 2739 451 2797 ium
475 2739 591 2816 saepius
618 2756 667 2794 eus
689 2746 789 2814 egerat
810 2746 877 2797 ante
896 2736 971 2797 haee
990 2749 1139 2817 tempora,
1163 2761 1233 2800 cum

141 2825 303 2902 privatam,
342 2833 405 2880 tum
432 2818 581 2902 pubiicum
615 2822 714 2895 illam5
746 2821 904 2902 Aphobum
932 2842 1073 2881 accusans
1107 2827 1233 2902 eiusque

141 2910 237 2968 socios
261 2907 296 2965 de
320 2909 412 2965 tutela
433 2909 508 2967 maie
532 2914 629 2984 gesta,
653 2907 771 2984 Olymp.
788 2908 862 2966 CIII.
880 2931 905 2965 a.
922 2916 950 2975 3.
972 2906 1028 2988 (uti
1049 2905 1232 2968 monuerunt
1297 2923 1300 2932 ⁴

140 2995 173 3052 S.
186 2994 299 3053 Potitus
313 2992 343 3049 in
359 2993 445 3070 Legg.
459 2993 523 3051 An.
534 3012 565 3075 Ρ.
584 2997 655 3055 267.
673 3001 703 3050 st
716 2991 771 3051 Ed.
788 2993 928 3051 (lominus
945 2994 967 3049 F
969 3001 1022 3052 ast.
1038 2994 1129 3055 Attio.
1141 2996 1176 3053 Τ.
1192 2993 1229 3052 ΙΙ.

139 3090 172 3157 p:
185 3074 279 3156 138.)
307 3096 399 3135 annos
418 3087 505 3137 uatus
526 3080 580 3150 203
610 3073 682 3148 has,
709 3077 851 3137 adversus
873 3077 1085 3137 Androtionem
1107 3080 1231 3156 Oiymp.

121 3163 213 3220 ·CVI.
245 3182 277 3219 aa
301 3167 354 3234 2.,.
381 3163 557 3238 eodemque,
587 3169 621 3217 ut
641 3160 777 3233 videtur,
807 3180 887 3222 annor
912 3161 1054 3221 adversus
1076 3162 1231 3242 Leptinen)

28 3306 30 3310 ,
140 3243 214 3325 (vid.
231 3246 382 3327 Harlesius
404 3247 443 3306 ad
461 3245 575 3325 t'abraje.
596 3243 831 3311 sibim-„vot
846 3246 882 3303 Π.
905 3267 936 3323 p.
959 3246 1030 3311 820.
1046 3245 1126 3324 ·sq.).
1169 3246 1231 3305 Sed

138 3332 216 3389 inter
238 3324 457 3412 ἅημηγορικοΰς
481 3323 603 3408 λόγους,
629 3349 704 3407 quos
722 3338 836 3388 veteres
850 3330 935 3388 stiam
953 3329 1096 3406 peculiari
1109 3332 1231 3391 nomine

138 3411 407 3496 ουμβουλευτικούς
427 3414 580 3487 dicebaut,
602 3415 698 3492 prima
723 3413 849 3495 omnium
869 3413 926 3470 suit
946 3412 1019 3472 haec
1036 3413 1142 3473 Oratio
1159 3414 1230 3493 sosoi

87 3528 91 3537 ·
136 3507 322 3584 Συμμοριῶν
336 3496 392 3580 (¹).
429 3494 530 3577 Atque
553 3516 616 3558 eam
634 3499 666 3556 in
683 3496 757 3557 haec
773 3498 835 3557 fere
851 3503 985 3576 tempora
1000 3498 1154 3574 incidisse,
1179 3500 1230 3557 in-

188 3680 389 3753 *)'Dissertatio
411 3678 445 3731 de
465 3681 682 3749 Symmorierum
700 3681 773 3751 apud
794 3679 970 3735 Athenienses
987 3680 1121 3733 instituto.
1153 3680 1230 3732 Scri·

149 3754 152 3759 ”
233 3753 293 3821 psit
310 3750 444 3803 Henricus
462 3752 668 3817 Amemfoordt,'
691 3752 832 3818 Gyrnnusii
851 3751 957 3818 publici
978 3747 1092 3801 snesani
1115 3750 1229 3804 Rector.

194 3819 197 3823 ’
237 3826 302 3875 Pars
328 3819 419 3888 prior,
445 3819 573 3873 exhibens
597 3819 786 3884 Demosthenis
808 3822 975 3872 Orationem
998 3820 1032 3880 de
1054 3819 1229 3885 Syrnmoriis,

235 3890 320 3941 'variis
349 3888 515 3941 lectionibus
543 3889 661 3941 duorum
688 3890 766 3941 codd.
793 3889 973 3958 Leydensium
995 3896 1022 3938 et
1046 3887 1229 3939 armotutione

234 3967 369 4028 perpetua
383 3959 555 4012 instructam.
573 3958 698 4028 Lugduni
712 3962 882 4011 Batavorum.
899 3960 972 4013 1821.
991 3957 1015 4011 8.

94 4084 97 4091 f
186 4064 225 4132 (1)
244 4064 283 4113 De
299 4062 416 4127 ratione,
435 4080 517 4131 quam
533 4070 640 4113 veteres
653 4062 839 4142 sequebantur
852 4062 879 4111 in
896 4058 1087 4111 distributione
1102 4058 1228 4123 Operum

120 4184 128 4193 ,
162 4129 165 4137 ’
234 4128 901 4183 Demosthenicorumvid.1teishi1Praesat.Vol.
926 4122 1227 4196 1.p.1.x111.[12v11.].

235 4200 333 4251 Causas
346 4201 469 4253 forenses
477 4197 617 4266 Dionysius
628 4198 646 4250 l.
654 4198 672 4251 1.
681 4197 720 4250 ita
736 4198 905 4268 distmguita
920 4196 1123 4266 δημηγορικοῖς,
1131 4203 1164 4246 ut
1179 4211 1228 4246 eas

234 4270 309 4323 dicat
321 4280 397 4324 aetas
410 4267 493 4323 fuisse
508 4265 537 4325 iu
551 4269 725 4341 δικαστηρίῳ.
