2768 4724
442 196 960 283 sonsnosrusnnn.
1026 242 1029 249 ,
1090 170 1094 176 ’
1190 221 1238 285 ss

136 399 215 451 tate.
259 387 411 448 Hactenus
426 388 539 449 Cicero.
583 387 723 462 Quodsi
742 395 842 447 tantus
867 397 968 453 orator
981 387 1155 481 Aeschines,
1178 409 1238 467 quo

136 493 222 553 idem
245 491 349 550 Cicero
370 489 445 550 nihil
458 489 590 550 divinius
604 509 695 570 posse
711 488 838 566 cogitari
851 491 969 565 asserit,
992 509 1080 569 quem
1100 490 1239 561 inimicus

138 592 355 653 Demosthenes
369 615 387 652 a
398 591 599 670 magnitudine
614 592 697 652 vocis
719 586 1006 672 peyotopowdmos
1018 593 1160 674 appellat,
1181 594 1239 653 im-

141 715 251 775 parem
270 714 303 753 ss
319 695 432 754 fatetur
445 694 633 773 eloquentiae
645 692 900 774 Demosthenicae,
924 693 997 770 quid
1010 694 1047 753 de
1066 695 1157 754 mutis
1168 695 1239 755 lite-
1327 730 1331 741 =

137 797 183 855 ris
199 804 246 854 est
259 794 433 871 dicendum,
456 815 533 874 quae
548 797 646 858 solum
663 796 864 855 inventionem
885 802 915 853 et
930 793 1153 872 dispositionem
1167 798 1240 856 red-
1263 871 1266 880 Ι

139 898 222 958 dunt
235 898 397 973 integram,
420 897 473 957 sed
490 898 698 972 elocutionem,
721 918 798 977 quae
812 895 875 955 sine
886 896 1137 974 pronunciatione
1153 919 1239 959 suum

137 997 222 1057 tueri
233 998 288 1057 vix
300 1017 410 1057 nomen
429 1008 541 1077 potest,
565 999 738 1069 dimidiam?
762 1001 864 1076 ltaque
884 998 972 1075 longe
995 998 1153 1074 falluntur,
1176 1002 1237 1078 qui,

139 1099 277 1175 legendis
298 1100 449 1166 Ciceronis
472 1099 721 1160 etllemosthenis
743 1100 929 1178 aliorumque
943 1102 1239 1178 oratorum-scriptis,
1291 1150 1299 1171 Ι

139 1220 174 1258 se
200 1209 295 1260 totam
322 1200 451 1261 heroum
471 1204 594 1260 illorum
617 1202 816 1282 eloquentiam
836 1200 1097 1280 comprehendisse
1114 1190 1239 1281 putanti

139 1301 239 1359 multo
263 1303 426 1380 ineptiores
440 1313 525 1376 ‚sunt,
548 1304 599 1381 qui
622 1324 654 1362 se
680 1304 737 1363 illis
760 1323 820 1362 una
840 1314 929 1382 atque
944 1305 1035 1363 alters
1050 1304 1239 1365 oratiuncula

138 1402 278 1462 nitidulis
293 1403 395 1462 verbis
414 1415 443 1464 et
461 1405 656 1478 sententiolis,
680 1404 891 1466 lucubratione
910 1407 1072 1468 multorum
1091 1425 1241 1467 annorum
1270 1454 1272 1458 .

141 1506 281 1582 quamvis
295 1505 374 1564 belle
391 1507 577 1582 concinnata,
594 1528 656 1565 non
671 1526 757 1584 pares
773 1507 872 1585 modo,
887 1509 941 1567 sed
956 1508 1124 1587 superiores
1140 1510 1237 1583 etiam,

139 1606 168 1665 si
187 1607 245 1666 diis
270 1607 381 1686 placet,
404 1629 467 1666 esse
491 1610 660 1686 opinantur.
706 1609 824 1685 Longe,
846 1608 945 1687 longe,
967 1611 1097 1687 usquam,
1120 1609 1238 1670 sliarcs
1322 1621 1337 1639 ”

140 1717 201 1782 est,
222 1729 311 1787 quam
328 1709 436 1787 vulgus
456 1708 612 1771 hominurn
632 1709 790 1785 existimet,
814 1711 993 1790 eloquentis.
1038 1709 1130 1768 Cuius
1149 1712 1239 1771 etiarn

140 1811 396 1889 pontentissime
417 1829 552 1889 quaeque
573 1810 688 1888 scripta
712 1810 786 1889 quid
808 1812 891 1872 eliud
910 1821 997 1884 sunt,
1021 1832 1110 1890 quam
1128 1812 1191 1870 vita
1210 1823 1240 1872 et

75 1955 80 1961 ·
140 1912 253 1990 spiritu
273 1913 420 1987 carentia,
444 1932 538 1990 eaque
560 1913 665 1971 mutila
685 1912 866 1973 simulacra?
889 1916 978 1986 Esto,
1001 1924 1035 1972 ut
1058 1912 1091 1969 in
1111 1931 1238 1993 corpore
1261 1965 1264 1969 .

141 2012 277 2073 humano
306 2023 398 2096 caput
430 2023 461 2072 et
483 2034 598 2073 summa
616 2015 766 2093 pectoris,-
797 2036 872 2094 quae
893 2015 1011 2094 Apelles
1039 2014 1240 2075 incelebrata
1269 2014 1271 2018 ’

140 2116 199 2174 illa
213 2135 267 2173 sua
280 2115 395 2174 Venere
410 2114 587 2193 politissima
604 2125 667 2175 arte
678 2117 815 2195 perfecit,
837 2117 981 2194 reliquam
998 2125 1113 2194 partem
1131 2138 1240 2195 corpo-

139 2217 189 2277 ris
202 2215 370 2293 inchoatam
388 2217 526 2295 reliquit,
567 2217 611 2275 sic
639 2218 773 2276 inventio
795 2228 825 2279 et
848 2217 1004 2299 dispositio
1024 2218 1149 2294 reliquis
1172 2239 1240 2278 ora·

83 2368 87 2379 .
141 2317 235 2378 tionis
264 2308 419 2398 partibus,
456 2319 483 2377 si
505 2339 554 2378 res
576 2321 642 2397 ipsa
665 2329 836 2398 spectetur,
866 2340 928 2378 nen
952 2318 1036 2394 vulgi
1064 2318 1239 2397 applausus,

140 2420 195 2498 qui
210 2422 339 2480 multum
361 2444 379 2480 a
403 2419 516 2479 iudicio
538 2419 698 2480 doctorum
719 2421 860 2497 dissidet,
882 2421 1054 2481 antecellat:
1076 2429 1187 2496 tamen,
1205 2432 1240 2482 ut

137 2522 193 2580 ills
215 2522 279 2601 ipss
300 2523 401 2582 Venus
422 2523 517 2582 multo
537 2520 621 2580 haud
636 2523 723 2581 dubie
735 2523 840 2581 fuisset
855 2523 1068 2599 admirabilior,
1092 2523 1116 2581 si
1133 2544 1238 2600 manua

139 2624 233 2685 etiam
254 2633 285 2685 ct
309 2625 402 2704 pedes
419 2645 454 2682 nc
471 2634 588 2683 caetera
604 2625 737 2714 membra
751 2626 851 2684 omnia
864 2627 930 2705 pari
948 2626 1096 2684 elaborata
1111 2625 1237 2684 artificio
1276 2646 1281 2655 ·
1328 2616 1331 2620 ’

138 2727 353 2799 accessissent,
383 2727 426 2784 sic
450 2735 625 2805 aequoque
647 2729 818 2807 eloquentia
840 2728 935 2787 multo
955 2727 1164 2805 praestabilior
1184 2736 1238 2801 est,

139 2847 222 2905 quae
236 2847 298 2884 non
313 2826 496 2885 dimidiatam
512 2826 658 2886 duntaxat
672 2830 873 2887 elocutionem
887 2828 987 2899 habet,
1010 2827 1070 2884 lroc
1087 2836 1141 2898 est,
1162 2847 1240 2883 ver-

138 2927 256 2987 borum
269 2937 299 2985 et
319 2930 529 2988 sententiarum
547 2938 737 3000 ornamenta,
760 2929 812 2987 sed
824 2928 1001 3006 perfectam,
1023 2944 1098 3001 quae
1120 2933 1239 2981 senten·

138 3028 193 3088 tiis
214 3039 244 3088 et
267 3033 447 3107 argumentis
466 3031 581 3090 ratione
604 3029 735 3088 inventis
757 3037 847 3106 atque
873 3026 979 3086 ordine
1003 3022 1158 3085 collocatis
1179 3043 1241 3081 non

139 3141 241 3189 mutas
262 3131 372 3208 figuras
392 3133 557 3206 literarum,
579 3131 632 3191 sad
652 3151 768 3207 vocem,
793 3129 917 3203 cultum,
940 3137 1054 3205 gestum
1069 3134 1110 3187 <et
1123 3119 1262 3187 motum'

139 3233 236 3291 totius
251 3234 385 3312 corporis
397 3232 591 3294 artificiosum
603 3243 633 3292 et
644 3233 798 3292 decentem
819 3230 1026 3291 accommodat
1044 3237 1075 3293 et
1094 3227 1239 3305 adiungit.

138 3333 246 3411 Neque
277 3333 354 3393 haec
383 3337 415 3395 in
439 3336 624 3394 orationibus
646 3335 753 3409 modo,
775 3332 828 3392 sed
857 3333 890 3390 in
910 3331 1056 3410 poimatis
1079 3331 1180 3405 etiam,
1203 3353 1240 3393 ac

123 3437 240 3503 ,multo
262 3439 373 3515 magis,
404 3437 605 3504 animadverti
634 3445 768 3516 possunt.
822 3434 980 3510 Virgilium
1002 3432 1078 3491 enim
1109 3434 1240 3509 (utnon

139 3537 280 3614 ignobilis
301 3538 485 3616 grammatici
500 3537 601 3597 verbis
616 3535 698 3620 utar)
715 3535 929 3616 pronunciasse
950 3535 1079 3593 maxims
1092 3535 1239 3595 suavitate

141 3639 314 3716 accepimus
345 3648 375 3699 et
396 3638 480 3696 miris
502 3638 673 3713 lenociniis,
701 3661 737 3698 ac
763 3637 874 3697 lulium
894 3637 1042 3714 quendam
1065 3636 1241 3711 Montanum
1354 3648 1357 3652 ’

142 3738 245 3798 dicero
268 3741 408 3813 solitum,
430 3738 632 3799 inuolaturum
653 3761 684 3800 se
708 3738 854 3819 quaedem
877 3737 1016 3816 Virgilio,
1040 3738 1066 3796 si
1086 3747 1115 3796 et
1133 3754 1239 3796 vocam

139 3851 253 3920 posset,
276 3849 307 3901 et
322 3863 365 3916 os,
389 3848 418 3898 et
438 3838 625 3920 hypocrisin.
653 3840 783 3902 Eosdem
799 3840 877 3900 eninr
891 3859 1058 3919 versuspeo
1072 3838 1240 3918 pronunci-

142 3952 228 4016 ante,
255 3943 332 4023 bene
348 3952 478 4003 sonere:
497 3944 576 4003 ¹sine
599 3944 668 4020 illo,
695 3945 863 4004 inarescere
889 3942 974 4021 qussi
994 3950 1103 4001 mutos.
1157 3937 1239 4012 Quid
1279 3984 1283 3995 .

140 4043 205 4103 iam
228 4044 264 4103 de
285 4044 531 4105 conversionibus
553 4055 599 4106 est
619 4045 801 4106 dicendum?
823 4065 900 4124 quse
920 4065 987 4104 cum
1002 4045 1051 4118 (ut
1063 4041 1109 4105 ita
1127 4038 1237 4122 dicam)

141 4144 297 4206 simulacri
321 4148 482 4207 machera
508 4156 538 4207 et
557 4147 731 4207 umbrarum
760 4148 885 4208 umbrae
907 4149 981 4222 sint,
1018 4165 1058 4202 an
1085 4143 1150 4203 fieri
1172 4144 1237 4203 ullo

138 4245 230 4308 modo
247 4249 353 4329 possit,
374 4258 411 4310 ut
428 4246 527 4331 (quod
548 4250 640 4330 paulo
659 4259 728 4311 sntc
748 4251 837 4334 dixi)
852 4250 966 4333 optimo
986 4245 1149 4325 exemplari
1168 4244 1238 4328 pari
