<?xml version="1.0" encoding="UTF-8"?>
<!DOCTYPE html PUBLIC "-//W3C//DTD XHTML 1.0 Transitional//EN"
    "http://www.w3.org/TR/xhtml1/DTD/xhtml1-transitional.dtd">
<html xmlns="http://www.w3.org/1999/xhtml" xml:lang="en" lang="en">
 <head>
  <title>
</title>
<meta http-equiv="Content-Type" content="text/html;charset=utf-8" />
  <meta name='ocr-system' content='tesseract 3.04.00' />
  <meta name='ocr-capabilities' content='ocr_page ocr_carea ocr_par ocr_line ocrx_word'/>
</head>
<body>
  <div class='ocr_page' id='page_1' title='image "./demosthenisquae07schgoog_0676.png"; bbox 0 0 2768 4724; ppageno 0'>
   <div class='ocr_carea' id='block_1_1' title="bbox 295 250 1227 357">
    <p class='ocr_par' dir='ltr' id='par_1_1' title="bbox 295 250 1227 357">
     <span class='ocr_line' id='line_1_1' title="bbox 295 250 1227 357; baseline 0.011 -27"><span class='ocrx_word' id='word_1_1' title='bbox 295 270 299 279; x_wconf 88' lang='lat'>·</span> <span class='ocrx_word' id='word_1_2' title='bbox 376 254 601 331; x_wconf 80' lang='lat' dir='ltr'><strong>suonsr&#39;.</strong></span> <span class='ocrx_word' id='word_1_3' title='bbox 634 256 690 333; x_wconf 83' lang='lat' dir='ltr'><strong>ur</strong></span> <span class='ocrx_word' id='word_1_4' title='bbox 722 250 1002 335; x_wconf 71' lang='lat' dir='ltr'><strong>ararorites·</strong></span> <span class='ocrx_word' id='word_1_5' title='bbox 1058 250 1079 301; x_wconf 50' lang='grc' dir='ltr'><strong>’ἒ</strong></span> <span class='ocrx_word' id='word_1_6' title='bbox 1161 258 1227 357; x_wconf 63' lang='lat' dir='ltr'><strong>rus,</strong></span> 
     </span>
    </p>
   </div>
   <div class='ocr_carea' id='block_1_2' title="bbox 64 434 1285 3549">
    <p class='ocr_par' dir='ltr' id='par_1_2' title="bbox 64 434 1285 3376">
     <span class='ocr_line' id='line_1_2' title="bbox 134 434 1228 523; baseline 0.002 -22"><span class='ocrx_word' id='word_1_7' title='bbox 134 452 204 502; x_wconf 87' lang='lat' dir='ltr'><strong>sunt</strong></span> <span class='ocrx_word' id='word_1_8' title='bbox 220 443 334 523; x_wconf 68' lang='lat' dir='ltr'><strong>capita,</strong></span> <span class='ocrx_word' id='word_1_9' title='bbox 354 442 482 522; x_wconf 87' lang='lat' dir='ltr'><strong>primum</strong></span> <span class='ocrx_word' id='word_1_10' title='bbox 503 441 541 500; x_wconf 79' lang='lat' dir='ltr'><strong>sle</strong></span> <span class='ocrx_word' id='word_1_11' title='bbox 555 440 790 502; x_wconf 85' lang='lat' dir='ltr'><strong>trierarchorum</strong></span> <span class='ocrx_word' id='word_1_12' title='bbox 801 442 930 503; x_wconf 88' lang='lat' dir='ltr'><strong>lectione</strong></span> <span class='ocrx_word' id='word_1_13' title='bbox 950 450 980 500; x_wconf 89' lang='lat' dir='ltr'><strong>et</strong></span> <span class='ocrx_word' id='word_1_14' title='bbox 999 440 1159 517; x_wconf 87' lang='lat' dir='ltr'><strong>divisione,</strong></span> <span class='ocrx_word' id='word_1_15' title='bbox 1172 434 1228 503; x_wconf 75' lang='lat' dir='ltr'><strong>&#39;si‘-</strong></span> 
     </span>
     <span class='ocr_line' id='line_1_3' title="bbox 133 525 1227 611; baseline -0.001 -25"><span class='ocrx_word' id='word_1_16' title='bbox 133 538 228 587; x_wconf 85' lang='lat' dir='ltr'><strong>leram</strong></span> <span class='ocrx_word' id='word_1_17' title='bbox 245 529 281 586; x_wconf 92' lang='lat' dir='ltr'><strong>de</strong></span> <span class='ocrx_word' id='word_1_18' title='bbox 294 530 421 607; x_wconf 84' lang='lat' dir='ltr'><strong>pecunia</strong></span> <span class='ocrx_word' id='word_1_19' title='bbox 436 526 555 606; x_wconf 86' lang='lat' dir='ltr'><strong>publice</strong></span> <span class='ocrx_word' id='word_1_20' title='bbox 569 526 743 585; x_wconf 81' lang='lat' dir='ltr'><strong>trierarchis</strong></span> <span class='ocrx_word' id='word_1_21' title='bbox 765 527 907 585; x_wconf 85' lang='lat' dir='ltr'><strong>solvenda</strong></span> <span class='ocrx_word' id='word_1_22' title='bbox 924 525 965 583; x_wconf 85' lang='lat' dir='ltr'><strong>ad</strong></span> <span class='ocrx_word' id='word_1_23' title='bbox 977 528 1127 587; x_wconf 79' lang='lat' dir='ltr'><strong>sumtuum</strong></span> <span class='ocrx_word' id='word_1_24' title='bbox 1143 540 1227 611; x_wconf 53' lang='lat' dir='ltr'><strong>sorny</strong></span> 
     </span>
     <span class='ocr_line' id='line_1_4' title="bbox 133 610 1285 690; baseline 0 -20"><span class='ocrx_word' id='word_1_25' title='bbox 133 613 336 690; x_wconf 84' lang='lat' dir='ltr'><strong>pe&#39;rrsationem</strong></span> <span class='ocrx_word' id='word_1_26' title='bbox 344 656 354 685; x_wconf 91' lang='lat'><strong>,</strong></span> <span class='ocrx_word' id='word_1_27' title='bbox 376 613 493 671; x_wconf 89' lang='lat' dir='ltr'><strong>tertium</strong></span> <span class='ocrx_word' id='word_1_28' title='bbox 509 612 546 669; x_wconf 91' lang='lat' dir='ltr'><strong>de</strong></span> <span class='ocrx_word' id='word_1_29' title='bbox 562 611 773 670; x_wconf 81' lang='lat' dir='ltr'><strong>distribuendis</strong></span> <span class='ocrx_word' id='word_1_30' title='bbox 789 610 943 669; x_wconf 83' lang='lat' dir='ltr'><strong>navalibus</strong></span> <span class='ocrx_word' id='word_1_31' title='bbox 963 630 1124 689; x_wconf 87' lang='lat' dir='ltr'><strong>eorumque</strong></span> <span class='ocrx_word' id='word_1_32' title='bbox 1139 612 1226 671; x_wconf 62' lang='lat' dir='ltr'><strong>&#39;euin</strong></span> <span class='ocrx_word' id='word_1_33' title='bbox 1282 626 1285 631; x_wconf 86' lang='lat'>&#39;</span> 
     </span>
     <span class='ocr_line' id='line_1_5' title="bbox 135 688 1227 773; baseline 0.001 -21"><span class='ocrx_word' id='word_1_34' title='bbox 135 698 234 768; x_wconf 75' lang='lat' dir='ltr'><strong>Quaem</strong></span> <span class='ocrx_word' id='word_1_35' title='bbox 257 716 328 754; x_wconf 83' lang='lat' dir='ltr'><strong>vero</strong></span> <span class='ocrx_word' id='word_1_36' title='bbox 344 696 375 754; x_wconf 91' lang='lat' dir='ltr'><strong>in</strong></span> <span class='ocrx_word' id='word_1_37' title='bbox 393 697 472 755; x_wconf 89' lang='lat' dir='ltr'><strong>omni</strong></span> <span class='ocrx_word' id='word_1_38' title='bbox 485 695 564 754; x_wconf 90' lang='lat' dir='ltr'><strong>bello</strong></span> <span class='ocrx_word' id='word_1_39' title='bbox 581 696 709 753; x_wconf 83' lang='lat' dir='ltr'><strong>maxime</strong></span> <span class='ocrx_word' id='word_1_40' title='bbox 731 695 901 754; x_wconf 76' lang='lat' dir='ltr'><strong>civitatibus</strong></span> <span class='ocrx_word' id='word_1_41' title='bbox 925 698 1000 773; x_wconf 89' lang='lat' dir='ltr'><strong>o&#39;pus</strong></span> <span class='ocrx_word' id='word_1_42' title='bbox 1021 694 1060 753; x_wconf 83' lang='lat' dir='ltr'><strong>&#39;sit</strong></span> <span class='ocrx_word' id='word_1_43' title='bbox 1082 688 1227 767; x_wconf 76' lang='lat' dir='ltr'><strong>eiusmoth</strong></span> 
     </span>
     <span class='ocr_line' id='line_1_6' title="bbox 133 778 1224 858; baseline -0.001 -20"><span class='ocrx_word' id='word_1_44' title='bbox 133 781 297 853; x_wconf 73' lang='lat' dir='ltr'>reditibus,</span> <span class='ocrx_word' id='word_1_45' title='bbox 322 780 428 858; x_wconf 85' lang='lat' dir='ltr'><strong>quibus</strong></span> <span class='ocrx_word' id='word_1_46' title='bbox 452 780 550 839; x_wconf 79' lang='lat' dir='ltr'><strong>bellici</strong></span> <span class='ocrx_word' id='word_1_47' title='bbox 574 778 689 837; x_wconf 81' lang='lat' dir='ltr'><strong>suintus</strong></span> <span class='ocrx_word' id='word_1_48' title='bbox 707 780 847 838; x_wconf 86' lang='lat' dir='ltr'><strong>sustineri</strong></span> <span class='ocrx_word' id='word_1_49' title='bbox 869 780 1002 857; x_wconf 87' lang='lat' dir='ltr'><strong>possint,</strong></span> <span class='ocrx_word' id='word_1_50' title='bbox 1025 788 1126 839; x_wconf 83' lang='lat' dir='ltr'><strong>monet</strong></span> <span class='ocrx_word' id='word_1_51' title='bbox 1146 778 1224 837; x_wconf 82' lang='lat' dir='ltr'><strong>cives</strong></span> 
     </span>
     <span class='ocr_line' id='line_1_7' title="bbox 133 858 1226 942; baseline 0.001 -22"><span class='ocrx_word' id='word_1_52' title='bbox 133 882 203 921; x_wconf 89' lang='lat' dir='ltr'><strong>suos</strong></span> <span class='ocrx_word' id='word_1_53' title='bbox 228 862 455 938; x_wconf 77' lang='lat' dir='ltr'>Demosthenes,</span> <span class='ocrx_word' id='word_1_54' title='bbox 476 884 513 923; x_wconf 90' lang='lat' dir='ltr'><strong>ne</strong></span> <span class='ocrx_word' id='word_1_55' title='bbox 541 863 570 919; x_wconf 88' lang='lat' dir='ltr'><strong>in</strong></span> <span class='ocrx_word' id='word_1_56' title='bbox 592 864 953 942; x_wconf 83' lang='lat' dir='ltr'><strong>praesentia·&#39;ditiorilrus,</strong></span> <span class='ocrx_word' id='word_1_57' title='bbox 976 886 992 920; x_wconf 93' lang='lat' dir='ltr'><strong>a</strong></span> <span class='ocrx_word' id='word_1_58' title='bbox 1015 863 1125 941; x_wconf 85' lang='lat' dir='ltr'><strong>quibus</strong></span> <span class='ocrx_word' id='word_1_59' title='bbox 1147 858 1226 931; x_wconf 56' lang='lat' dir='ltr'><strong>e&#39;iul&#39;ff-</strong></span> 
     </span>
     <span class='ocr_line' id='line_1_8' title="bbox 131 947 1225 1027; baseline 0 -22"><span class='ocrx_word' id='word_1_60' title='bbox 131 949 212 1005; x_wconf 87' lang='lat' dir='ltr'><strong>modi</strong></span> <span class='ocrx_word' id='word_1_61' title='bbox 231 948 339 1006; x_wconf 84' lang='lat' dir='ltr'><strong>auxilia</strong></span> <span class='ocrx_word' id='word_1_62' title='bbox 359 948 498 1027; x_wconf 76' lang='lat' dir='ltr'><strong>inprimis</strong></span> <span class='ocrx_word' id='word_1_63' title='bbox 519 948 696 1025; x_wconf 82' lang='lat' dir='ltr'><strong>praestanda</strong></span> <span class='ocrx_word' id='word_1_64' title='bbox 714 958 824 1021; x_wconf 83' lang='lat' dir='ltr'><strong>essent,</strong></span> <span class='ocrx_word' id='word_1_65' title='bbox 838 947 964 1007; x_wconf 79' lang='lat' dir='ltr'><strong>&#39;inolesti</strong></span> <span class='ocrx_word' id='word_1_66' title='bbox 987 956 1049 1005; x_wconf 82' lang='lat' dir='ltr'><strong>esse</strong></span> <span class='ocrx_word' id='word_1_67' title='bbox 1070 948 1225 1021; x_wconf 67' lang='lat' dir='ltr'><strong>conentur,</strong></span> 
     </span>
     <span class='ocr_line' id='line_1_9' title="bbox 131 1028 1224 1113; baseline 0.002 -24"><span class='ocrx_word' id='word_1_68' title='bbox 131 1040 238 1111; x_wconf 79' lang='lat' dir='ltr'><strong>utpote</strong></span> <span class='ocrx_word' id='word_1_69' title='bbox 253 1034 303 1109; x_wconf 91' lang='lat' dir='ltr'><strong>qui</strong></span> <span class='ocrx_word' id='word_1_70' title='bbox 325 1043 431 1110; x_wconf 90' lang='lat' dir='ltr'><strong>sponte</strong></span> <span class='ocrx_word' id='word_1_71' title='bbox 456 1052 524 1104; x_wconf 88' lang='lat' dir='ltr'><strong>sua,</strong></span> <span class='ocrx_word' id='word_1_72' title='bbox 548 1032 574 1088; x_wconf 89' lang='lat' dir='ltr'><strong>si</strong></span> <span class='ocrx_word' id='word_1_73' title='bbox 589 1032 750 1090; x_wconf 80' lang='lat' dir='ltr'><strong>barbarum</strong></span> <span class='ocrx_word' id='word_1_74' title='bbox 763 1028 839 1089; x_wconf 82' lang='lat' dir='ltr'><strong>¹vere</strong></span> <span class='ocrx_word' id='word_1_75' title='bbox 855 1032 1224 1113; x_wconf 54' lang='lat' dir='ltr'><strong>appropinquassemu-</strong></span> 
     </span>
     <span class='ocr_line' id='line_1_10' title="bbox 130 1108 1224 1193; baseline 0.002 -20"><span class='ocrx_word' id='word_1_76' title='bbox 130 1116 258 1189; x_wconf 86' lang='lat' dir='ltr'><strong>vissent·‚</strong></span> <span class='ocrx_word' id='word_1_77' title='bbox 287 1136 388 1173; x_wconf 88' lang='lat' dir='ltr'><strong>omues</strong></span> <span class='ocrx_word' id='word_1_78' title='bbox 412 1136 482 1193; x_wconf 89' lang='lat' dir='ltr'><strong>opes</strong></span> <span class='ocrx_word' id='word_1_79' title='bbox 503 1132 559 1193; x_wconf 85' lang='lat' dir='ltr'><strong>pro</strong></span> <span class='ocrx_word' id='word_1_80' title='bbox 580 1116 718 1174; x_wconf 86' lang='lat' dir='ltr'><strong>libertate</strong></span> <span class='ocrx_word' id='word_1_81' title='bbox 736 1117 851 1193; x_wconf 82' lang='lat' dir='ltr'><strong>patriae</strong></span> <span class='ocrx_word' id='word_1_82' title='bbox 868 1117 1016 1175; x_wconf 80' lang='lat' dir='ltr'><strong>&#39;servanda</strong></span> <span class='ocrx_word' id='word_1_83' title='bbox 1032 1108 1224 1175; x_wconf 78' lang='lat' dir='ltr'><strong>&#39;corrferrent&#39;z</strong></span> 
     </span>
     <span class='ocr_line' id='line_1_11' title="bbox 130 1198 1225 1279; baseline 0.003 -23"><span class='ocrx_word' id='word_1_84' title='bbox 130 1218 210 1258; x_wconf 89' lang='lat' dir='ltr'><strong>nunc</strong></span> <span class='ocrx_word' id='word_1_85' title='bbox 227 1200 364 1278; x_wconf 89' lang='lat' dir='ltr'><strong>quidem,</strong></span> <span class='ocrx_word' id='word_1_86' title='bbox 387 1199 411 1255; x_wconf 85' lang='lat' dir='ltr'><strong>si</strong></span> <span class='ocrx_word' id='word_1_87' title='bbox 432 1198 488 1256; x_wconf 84' lang='lat' dir='ltr'><strong>hos</strong></span> <span class='ocrx_word' id='word_1_88' title='bbox 503 1202 613 1257; x_wconf 71' lang='lat' dir='ltr'><strong>vexere</strong></span> <span class='ocrx_word' id='word_1_89' title='bbox 629 1199 811 1278; x_wconf 82' lang='lat' dir='ltr'><strong>coepissent,</strong></span> <span class='ocrx_word' id='word_1_90' title='bbox 834 1200 951 1259; x_wconf 76' lang='lat' dir='ltr'><strong>omneur&#39;</strong></span> <span class='ocrx_word' id='word_1_91' title='bbox 963 1201 1092 1276; x_wconf 73' lang='lat' dir='ltr'><strong>regionis</strong></span> <span class='ocrx_word' id='word_1_92' title='bbox 1111 1198 1225 1279; x_wconf 60' lang='lat' dir='ltr'><strong>Atticae</strong></span> 
     </span>
     <span class='ocr_line' id='line_1_12' title="bbox 130 1283 1224 1363; baseline -0.001 -20"><span class='ocrx_word' id='word_1_93' title='bbox 130 1285 278 1355; x_wconf 86' lang='lat' dir='ltr'><strong>reditum,</strong></span> <span class='ocrx_word' id='word_1_94' title='bbox 302 1285 437 1361; x_wconf 87' lang='lat' dir='ltr'><strong>quamvis</strong></span> <span class='ocrx_word' id='word_1_95' title='bbox 454 1283 613 1341; x_wconf 86' lang='lat' dir='ltr'><strong>ditissimae</strong></span> <span class='ocrx_word' id='word_1_96' title='bbox 623 1284 770 1343; x_wconf 76' lang='lat' dir='ltr'><strong>Graeciae</strong></span> <span class='ocrx_word' id='word_1_97' title='bbox 787 1283 931 1363; x_wconf 75' lang='lat' dir='ltr'><strong>civitatis,</strong></span> <span class='ocrx_word' id='word_1_98' title='bbox 954 1286 1038 1343; x_wconf 91' lang='lat' dir='ltr'><strong>nulio</strong></span> <span class='ocrx_word' id='word_1_99' title='bbox 1052 1284 1141 1343; x_wconf 87' lang='lat' dir='ltr'><strong>modo</strong></span> <span class='ocrx_word' id='word_1_100' title='bbox 1154 1303 1224 1343; x_wconf 87' lang='lat' dir='ltr'><strong>cum</strong></span> 
     </span>
     <span class='ocr_line' id='line_1_13' title="bbox 127 1366 1224 1447; baseline 0 -21"><span class='ocrx_word' id='word_1_101' title='bbox 127 1369 289 1426; x_wconf 87' lang='lat' dir='ltr'><strong>&#39;Persarum</strong></span> <span class='ocrx_word' id='word_1_102' title='bbox 303 1366 411 1445; x_wconf 90' lang='lat' dir='ltr'><strong>opibus</strong></span> <span class='ocrx_word' id='word_1_103' title='bbox 427 1386 515 1445; x_wconf 89' lang='lat' dir='ltr'><strong>posse</strong></span> <span class='ocrx_word' id='word_1_104' title='bbox 530 1368 711 1447; x_wconf 77' lang='lat' dir='ltr'><strong>&#39;comparariz</strong></span> <span class='ocrx_word' id='word_1_105' title='bbox 723 1369 815 1447; x_wconf 87' lang='lat' dir='ltr'><strong>·q&#39;uod</strong></span> <span class='ocrx_word' id='word_1_106' title='bbox 830 1370 854 1427; x_wconf 90' lang='lat' dir='ltr'><strong>si</strong></span> <span class='ocrx_word' id='word_1_107' title='bbox 871 1369 972 1427; x_wconf 86' lang='lat' dir='ltr'><strong>classis</strong></span> <span class='ocrx_word' id='word_1_108' title='bbox 985 1370 1060 1427; x_wconf 88' lang='lat' dir='ltr'><strong>bene</strong></span> <span class='ocrx_word' id='word_1_109' title='bbox 1075 1368 1224 1428; x_wconf 72' lang='lat' dir='ltr'><strong>inarmati</strong></span> 
     </span>
     <span class='ocr_line' id='line_1_14' title="bbox 129 1448 1223 1531; baseline 0.004 -24"><span class='ocrx_word' id='word_1_110' title='bbox 129 1451 240 1522; x_wconf 82' lang='lat' dir='ltr'><strong>luerit,</strong></span> <span class='ocrx_word' id='word_1_111' title='bbox 262 1451 314 1507; x_wconf 88' lang='lat' dir='ltr'><strong>vix</strong></span> <span class='ocrx_word' id='word_1_112' title='bbox 333 1449 457 1510; x_wconf 87' lang='lat' dir='ltr'><strong>dubium</strong></span> <span class='ocrx_word' id='word_1_113' title='bbox 474 1453 624 1525; x_wconf 84' lang='lat' dir='ltr'><strong>laturum,</strong></span> <span class='ocrx_word' id='word_1_114' title='bbox 638 1453 709 1531; x_wconf 87' lang='lat' dir='ltr'><strong>quin</strong></span> <span class='ocrx_word' id='word_1_115' title='bbox 728 1472 797 1526; x_wconf 83' lang='lat' dir='ltr'><strong>rex,</strong></span> <span class='ocrx_word' id='word_1_116' title='bbox 820 1472 933 1525; x_wconf 83' lang='lat' dir='ltr'><strong>mensor</strong></span> <span class='ocrx_word' id='word_1_117' title='bbox 951 1454 1079 1513; x_wconf 82' lang='lat' dir='ltr'><strong>cladium</strong></span> <span class='ocrx_word' id='word_1_118' title='bbox 1094 1448 1223 1527; x_wconf 76' lang='lat' dir='ltr'><strong>illeru&#39;iu,</strong></span> 
     </span>
     <span class='ocr_line' id='line_1_15' title="bbox 131 1534 1224 1617; baseline 0.005 -28"><span class='ocrx_word' id='word_1_119' title='bbox 131 1554 204 1611; x_wconf 90' lang='lat' dir='ltr'><strong>quas</strong></span> <span class='ocrx_word' id='word_1_120' title='bbox 218 1534 312 1611; x_wconf 89' lang='lat' dir='ltr'><strong>ipsius</strong></span> <span class='ocrx_word' id='word_1_121' title='bbox 330 1536 468 1611; x_wconf 76' lang='lat' dir='ltr'>proavia</span> <span class='ocrx_word' id='word_1_122' title='bbox 490 1538 585 1595; x_wconf 76' lang='lat' dir='ltr'><strong>inulto</strong></span> <span class='ocrx_word' id='word_1_123' title='bbox 605 1536 769 1595; x_wconf 83' lang='lat' dir='ltr'><strong>minoribus</strong></span> <span class='ocrx_word' id='word_1_124' title='bbox 786 1534 1008 1596; x_wconf 69' lang='lat' dir='ltr'><strong>Atheniensium</strong></span> <span class='ocrx_word' id='word_1_125' title='bbox 1026 1538 1120 1617; x_wconf 83' lang='lat' dir='ltr'><strong>copiis</strong></span> <span class='ocrx_word' id='word_1_126' title='bbox 1138 1544 1224 1595; x_wconf 82' lang='lat' dir='ltr'><strong>sc&#39;ce·</strong></span> 
     </span>
     <span class='ocr_line' id='line_1_16' title="bbox 128 1618 1222 1699; baseline 0.005 -26"><span class='ocrx_word' id='word_1_127' title='bbox 128 1618 253 1695; x_wconf 84' lang='lat' dir='ltr'><strong>pissent,</strong></span> <span class='ocrx_word' id='word_1_128' title='bbox 268 1638 339 1675; x_wconf 82' lang='lat' dir='ltr'><strong>nrox</strong></span> <span class='ocrx_word' id='word_1_129' title='bbox 355 1619 435 1677; x_wconf 90' lang='lat' dir='ltr'><strong>ultro</strong></span> <span class='ocrx_word' id='word_1_130' title='bbox 451 1641 468 1678; x_wconf 91' lang='lat' dir='ltr'><strong>a</strong></span> <span class='ocrx_word' id='word_1_131' title='bbox 485 1620 566 1679; x_wconf 89' lang='lat' dir='ltr'><strong>bellu</strong></span> <span class='ocrx_word' id='word_1_132' title='bbox 584 1622 738 1694; x_wconf 88' lang='lat' dir='ltr'><strong>abstineat,</strong></span> <span class='ocrx_word' id='word_1_133' title='bbox 752 1628 844 1699; x_wconf 83' lang='lat' dir='ltr'><strong>quuin</strong></span> <span class='ocrx_word' id='word_1_134' title='bbox 859 1640 964 1699; x_wconf 82' lang='lat' dir='ltr'><strong>magno</strong></span> <span class='ocrx_word' id='word_1_135' title='bbox 986 1630 1045 1680; x_wconf 88' lang='lat' dir='ltr'><strong>suo&#39;</strong></span> <span class='ocrx_word' id='word_1_136' title='bbox 1057 1622 1134 1679; x_wconf 88' lang='lat' dir='ltr'><strong>malo</strong></span> <span class='ocrx_word' id='word_1_137' title='bbox 1150 1618 1222 1679; x_wconf 78' lang='lat' dir='ltr'><strong>Pes&#39;-</strong></span> 
     </span>
     <span class='ocr_line' id='line_1_17' title="bbox 131 1700 1222 1787; baseline 0.006 -29"><span class='ocrx_word' id='word_1_138' title='bbox 131 1722 181 1759; x_wconf 89' lang='lat' dir='ltr'><strong>sao</strong></span> <span class='ocrx_word' id='word_1_139' title='bbox 201 1700 376 1773; x_wconf 75' lang='lat' dir='ltr'><strong>didicerint,</strong></span> <span class='ocrx_word' id='word_1_140' title='bbox 390 1714 502 1781; x_wconf 87' lang='lat' dir='ltr'><strong>quanto</strong></span> <span class='ocrx_word' id='word_1_141' title='bbox 518 1704 676 1764; x_wconf 82' lang='lat' dir='ltr'><strong>inferiores</strong></span> <span class='ocrx_word' id='word_1_142' title='bbox 695 1706 951 1783; x_wconf 82' lang='lat' dir='ltr'><strong>ipsorum&#39;milites</strong></span> <span class='ocrx_word' id='word_1_143' title='bbox 964 1706 1025 1787; x_wconf 22' lang='lat' dir='ltr'><strong>siunt</strong></span> <span class='ocrx_word' id='word_1_144' title='bbox 1038 1706 1222 1765; x_wconf 70' lang='lat' dir='ltr'><strong>Graecinum</strong></span> 
     </span>
     <span class='ocr_line' id='line_1_18' title="bbox 129 1787 1223 1869; baseline 0.004 -26"><span class='ocrx_word' id='word_1_145' title='bbox 129 1787 323 1844; x_wconf 73' lang='lat' dir='ltr'><strong>exercitibus.</strong></span> <span class='ocrx_word' id='word_1_146' title='bbox 337 1787 399 1845; x_wconf 88' lang='lat' dir='ltr'><strong>Nec</strong></span> <span class='ocrx_word' id='word_1_147' title='bbox 415 1790 606 1847; x_wconf 87' lang='lat' dir='ltr'><strong>metuendum</strong></span> <span class='ocrx_word' id='word_1_148' title='bbox 622 1789 730 1862; x_wconf 85' lang='lat' dir='ltr'><strong>videri,</strong></span> <span class='ocrx_word' id='word_1_149' title='bbox 739 1810 777 1847; x_wconf 89' lang='lat' dir='ltr'><strong>ne</strong></span> <span class='ocrx_word' id='word_1_150' title='bbox 790 1790 978 1869; x_wconf 80' lang='lat' dir='ltr'><strong>reperiantur</strong></span> <span class='ocrx_word' id='word_1_151' title='bbox 992 1790 1129 1849; x_wconf 84' lang='lat' dir='ltr'><strong>norusulli</strong></span> <span class='ocrx_word' id='word_1_152' title='bbox 1144 1789 1223 1847; x_wconf 87' lang='lat' dir='ltr'><strong>inter</strong></span> 
     </span>
     <span class='ocr_line' id='line_1_19' title="bbox 129 1868 1222 1951; baseline 0.006 -26"><span class='ocrx_word' id='word_1_153' title='bbox 129 1872 278 1940; x_wconf 87' lang='lat' dir='ltr'><strong>Graecos,</strong></span> <span class='ocrx_word' id='word_1_154' title='bbox 300 1870 351 1947; x_wconf 86' lang='lat' dir='ltr'><strong>qui</strong></span> <span class='ocrx_word' id='word_1_155' title='bbox 373 1872 485 1947; x_wconf 76' lang='lat' dir='ltr'><strong>mugnis</strong></span> <span class='ocrx_word' id='word_1_156' title='bbox 504 1874 658 1951; x_wconf 81' lang='lat' dir='ltr'><strong>stipendiis</strong></span> <span class='ocrx_word' id='word_1_157' title='bbox 676 1874 797 1932; x_wconf 80' lang='lat' dir='ltr'><strong>adducti</strong></span> <span class='ocrx_word' id='word_1_158' title='bbox 818 1877 885 1933; x_wconf 87' lang='lat' dir='ltr'><strong>cu&#39;rn</strong></span> <span class='ocrx_word' id='word_1_159' title='bbox 903 1868 972 1949; x_wconf 72' lang='lat' dir='ltr'><strong>rege</strong></span> <span class='ocrx_word' id='word_1_160' title='bbox 993 1876 1104 1933; x_wconf 78' lang='lat' dir='ltr'><strong>sacient</strong></span> <span class='ocrx_word' id='word_1_161' title='bbox 1117 1884 1222 1932; x_wconf 79' lang='lat' dir='ltr'><strong>contre</strong></span> 
     </span>
     <span class='ocr_line' id='line_1_20' title="bbox 64 1952 1221 2035; baseline 0.01 -25"><span class='ocrx_word' id='word_1_162' title='bbox 64 2024 72 2031; x_wconf 92' lang='lat'>.</span> <span class='ocrx_word' id='word_1_163' title='bbox 128 1972 198 2012; x_wconf 87' lang='lat' dir='ltr'><strong>suos</strong></span> <span class='ocrx_word' id='word_1_164' title='bbox 221 1955 360 2032; x_wconf 59' lang='lat' dir='ltr'><strong>gentilem</strong></span> <span class='ocrx_word' id='word_1_165' title='bbox 393 1958 588 2035; x_wconf 88' lang='lat' dir='ltr'><strong>perspicuum</strong></span> <span class='ocrx_word' id='word_1_166' title='bbox 612 1959 689 2015; x_wconf 86' lang='lat' dir='ltr'><strong>enim</strong></span> <span class='ocrx_word' id='word_1_167' title='bbox 711 1956 857 2016; x_wconf 86' lang='lat' dir='ltr'><strong>essehoc</strong></span> <span class='ocrx_word' id='word_1_168' title='bbox 880 1960 990 2017; x_wconf 84' lang='lat' dir='ltr'><strong>stillis</strong></span> <span class='ocrx_word' id='word_1_169' title='bbox 1022 1952 1221 2021; x_wconf 69' lang='lat' dir='ltr'><strong>miseriraum</strong></span> 
     </span>
     <span class='ocr_line' id='line_1_21' title="bbox 128 2037 1222 2120; baseline 0.005 -24"><span class='ocrx_word' id='word_1_170' title='bbox 128 2037 208 2112; x_wconf 81' lang='lat' dir='ltr'><strong>iore,</strong></span> <span class='ocrx_word' id='word_1_171' title='bbox 239 2038 289 2118; x_wconf 91' lang='lat' dir='ltr'><strong>qui</strong></span> <span class='ocrx_word' id='word_1_172' title='bbox 309 2038 385 2097; x_wconf 86' lang='lat' dir='ltr'><strong>hoec</strong></span> <span class='ocrx_word' id='word_1_173' title='bbox 406 2042 515 2098; x_wconf 83' lang='lat' dir='ltr'><strong>assxilia</strong></span> <span class='ocrx_word' id='word_1_174' title='bbox 542 2042 773 2120; x_wconf 83' lang='lat' dir='ltr'><strong>praestitissent.</strong></span> <span class='ocrx_word' id='word_1_175' title='bbox 802 2062 905 2119; x_wconf 79' lang='lat' dir='ltr'><strong>neque·</strong></span> <span class='ocrx_word' id='word_1_176' title='bbox 921 2045 993 2101; x_wconf 85' lang='lat' dir='ltr'><strong>utile</strong></span> <span class='ocrx_word' id='word_1_177' title='bbox 1011 2043 1091 2119; x_wconf 79' lang='lat' dir='ltr'><strong>regi,</strong></span> <span class='ocrx_word' id='word_1_178' title='bbox 1112 2044 1163 2101; x_wconf 87' lang='lat' dir='ltr'><strong>eui</strong></span> <span class='ocrx_word' id='word_1_179' title='bbox 1187 2060 1222 2101; x_wconf 79' lang='lat' dir='ltr'><strong>ea</strong></span> 
     </span>
     <span class='ocr_line' id='line_1_22' title="bbox 127 2121 1220 2203; baseline 0.005 -23"><span class='ocrx_word' id='word_1_180' title='bbox 127 2132 243 2182; x_wconf 81' lang='lat' dir='ltr'><strong>tarnum</strong></span> <span class='ocrx_word' id='word_1_181' title='bbox 259 2121 385 2182; x_wconf 82' lang='lat' dir='ltr'><strong>victoria</strong></span> <span class='ocrx_word' id='word_1_182' title='bbox 398 2134 500 2203; x_wconf 89' lang='lat' dir='ltr'><strong>posset</strong></span> <span class='ocrx_word' id='word_1_183' title='bbox 524 2128 658 2203; x_wconf 89' lang='lat' dir='ltr'><strong>placere,</strong></span> <span class='ocrx_word' id='word_1_184' title='bbox 682 2146 770 2203; x_wconf 82' lang='lat' dir='ltr'><strong>quom</strong></span> <span class='ocrx_word' id='word_1_185' title='bbox 791 2144 847 2203; x_wconf 91' lang='lat' dir='ltr'><strong>per</strong></span> <span class='ocrx_word' id='word_1_186' title='bbox 860 2146 932 2183; x_wconf 87' lang='lat' dir='ltr'><strong>suos</strong></span> <span class='ocrx_word' id='word_1_187' title='bbox 950 2126 1073 2198; x_wconf 83' lang='lat' dir='ltr'><strong>milites,</strong></span> <span class='ocrx_word' id='word_1_188' title='bbox 1096 2146 1160 2184; x_wconf 83' lang='lat' dir='ltr'><strong>non</strong></span> <span class='ocrx_word' id='word_1_189' title='bbox 1177 2134 1220 2195; x_wconf 73' lang='grc' dir='ltr'><strong>ια’,</strong></span> 
     </span>
     <span class='ocr_line' id='line_1_23' title="bbox 128 2209 1221 2288; baseline 0.003 -25"><span class='ocrx_word' id='word_1_190' title='bbox 128 2226 217 2283; x_wconf 88' lang='lat' dir='ltr'><strong>quam</strong></span> <span class='ocrx_word' id='word_1_191' title='bbox 238 2226 294 2285; x_wconf 89' lang='lat' dir='ltr'><strong>per</strong></span> <span class='ocrx_word' id='word_1_192' title='bbox 307 2216 426 2267; x_wconf 80' lang='lat' dir='ltr'><strong>exteros</strong></span> <span class='ocrx_word' id='word_1_193' title='bbox 439 2220 630 2286; x_wconf 71' lang='lat' dir='ltr'><strong>reportasset.</strong></span> <span class='ocrx_word' id='word_1_194' title='bbox 653 2209 811 2268; x_wconf 74' lang='lat' dir='ltr'><strong>Thebanus</strong></span> <span class='ocrx_word' id='word_1_195' title='bbox 834 2211 938 2281; x_wconf 86' lang='lat' dir='ltr'><strong>etiam,</strong></span> <span class='ocrx_word' id='word_1_196' title='bbox 959 2210 990 2268; x_wconf 87' lang='lat' dir='ltr'><strong>in</strong></span> <span class='ocrx_word' id='word_1_197' title='bbox 1006 2210 1221 2288; x_wconf 78' lang='lat' dir='ltr'><strong>quos-maxims</strong></span> 
     </span>
     <span class='ocr_line' id='line_1_24' title="bbox 125 2282 1222 2373; baseline 0.004 -26"><span class='ocrx_word' id='word_1_198' title='bbox 125 2291 181 2348; x_wconf 87' lang='lat' dir='ltr'><strong>ista</strong></span> <span class='ocrx_word' id='word_1_199' title='bbox 204 2292 336 2369; x_wconf 89' lang='lat' dir='ltr'><strong>suspicio</strong></span> <span class='ocrx_word' id='word_1_200' title='bbox 358 2290 516 2353; x_wconf 85' lang='lat' dir='ltr'><strong>cosrveniro</strong></span> <span class='ocrx_word' id='word_1_201' title='bbox 535 2294 710 2367; x_wconf 86' lang='lat' dir='ltr'><strong>videbatur,</strong></span> <span class='ocrx_word' id='word_1_202' title='bbox 733 2304 849 2352; x_wconf 83' lang='lat' dir='ltr'><strong>omnem</strong></span> <span class='ocrx_word' id='word_1_203' title='bbox 868 2295 1005 2372; x_wconf 85' lang='lat' dir='ltr'><strong>profecto</strong></span> <span class='ocrx_word' id='word_1_204' title='bbox 1027 2308 1147 2373; x_wconf 78' lang='lat' dir='ltr'><strong>operam</strong></span> <span class='ocrx_word' id='word_1_205' title='bbox 1167 2282 1222 2351; x_wconf 77' lang='lat' dir='ltr'><strong>tie·</strong></span> 
     </span>
     <span class='ocr_line' id='line_1_25' title="bbox 125 2372 1220 2456; baseline 0.003 -24"><span class='ocrx_word' id='word_1_206' title='bbox 125 2384 265 2448; x_wconf 82' lang='lat' dir='ltr'><strong>veturus,</strong></span> <span class='ocrx_word' id='word_1_207' title='bbox 288 2386 321 2435; x_wconf 92' lang='lat' dir='ltr'><strong>ut</strong></span> <span class='ocrx_word' id='word_1_208' title='bbox 334 2377 416 2436; x_wconf 81' lang='lat' dir='ltr'><strong>illam</strong></span> <span class='ocrx_word' id='word_1_209' title='bbox 436 2378 641 2453; x_wconf 74' lang='lat' dir='ltr'><strong>ignominiam,</strong></span> <span class='ocrx_word' id='word_1_210' title='bbox 665 2398 753 2456; x_wconf 89' lang='lat' dir='ltr'><strong>quam</strong></span> <span class='ocrx_word' id='word_1_211' title='bbox 774 2380 804 2437; x_wconf 89' lang='lat' dir='ltr'><strong>in</strong></span> <span class='ocrx_word' id='word_1_212' title='bbox 827 2372 977 2456; x_wconf 77' lang='lat' dir='ltr'><strong>prioribus</strong></span> <span class='ocrx_word' id='word_1_213' title='bbox 992 2376 1220 2436; x_wconf 78' lang='lat' dir='ltr'><strong>Medicislrellis</strong></span> 
     </span>
     <span class='ocr_line' id='line_1_26' title="bbox 126 2460 1218 2539; baseline 0.002 -23"><span class='ocrx_word' id='word_1_214' title='bbox 126 2471 334 2536; x_wconf 86' lang='lat' dir='ltr'><strong>susceperant,</strong></span> <span class='ocrx_word' id='word_1_215' title='bbox 357 2460 517 2518; x_wconf 83' lang='lat' dir='ltr'><strong>diluerent:</strong></span> <span class='ocrx_word' id='word_1_216' title='bbox 540 2483 595 2519; x_wconf 87' lang='lat' dir='ltr'><strong>neu</strong></span> <span class='ocrx_word' id='word_1_217' title='bbox 625 2483 686 2519; x_wconf 85' lang='lat' dir='ltr'><strong>esse</strong></span> <span class='ocrx_word' id='word_1_218' title='bbox 710 2463 850 2533; x_wconf 86' lang='lat' dir='ltr'><strong>dubium,</strong></span> <span class='ocrx_word' id='word_1_219' title='bbox 878 2465 948 2538; x_wconf 87' lang='lat' dir='ltr'><strong>quin</strong></span> <span class='ocrx_word' id='word_1_220' title='bbox 970 2464 1077 2539; x_wconf 79' lang='lat' dir='ltr'><strong>reliqui</strong></span> <span class='ocrx_word' id='word_1_221' title='bbox 1103 2461 1218 2535; x_wconf 87' lang='lat' dir='ltr'><strong>Graeci,</strong></span> 
     </span>
     <span class='ocr_line' id='line_1_27' title="bbox 127 2544 1219 2627; baseline 0.005 -28"><span class='ocrx_word' id='word_1_222' title='bbox 127 2563 232 2599; x_wconf 85' lang='lat' dir='ltr'><strong>causae</strong></span> <span class='ocrx_word' id='word_1_223' title='bbox 246 2562 316 2600; x_wconf 86' lang='lat' dir='ltr'><strong>suae</strong></span> <span class='ocrx_word' id='word_1_224' title='bbox 331 2544 445 2611; x_wconf 77' lang='lat' dir='ltr'><strong>iustitia</strong></span> <span class='ocrx_word' id='word_1_225' title='bbox 468 2544 585 2611; x_wconf 81' lang='lat' dir='ltr'><strong>confisi,</strong></span> <span class='ocrx_word' id='word_1_226' title='bbox 609 2545 778 2621; x_wconf 76' lang='lat' dir='ltr'><strong>proditores</strong></span> <span class='ocrx_word' id='word_1_227' title='bbox 802 2546 971 2627; x_wconf 77' lang='lat' dir='ltr'><strong>superaturi</strong></span> <span class='ocrx_word' id='word_1_228' title='bbox 986 2558 1099 2623; x_wconf 38' lang='lat' dir='ltr'><strong>,essent</strong></span> <span class='ocrx_word' id='word_1_229' title='bbox 1136 2548 1219 2627; x_wconf 82' lang='lat' dir='ltr'><strong>Qun-</strong></span> 
     </span>
     <span class='ocr_line' id='line_1_28' title="bbox 126 2627 1220 2705; baseline 0.005 -24"><span class='ocrx_word' id='word_1_230' title='bbox 126 2634 251 2705; x_wconf 88' lang='lat' dir='ltr'><strong>propter</strong></span> <span class='ocrx_word' id='word_1_231' title='bbox 266 2646 324 2684; x_wconf 87' lang='lat' dir='ltr'><strong>non</strong></span> <span class='ocrx_word' id='word_1_232' title='bbox 345 2627 535 2685; x_wconf 74' lang='lat' dir='ltr'><strong>metuentium</strong></span> <span class='ocrx_word' id='word_1_233' title='bbox 550 2648 613 2686; x_wconf 83' lang='lat' dir='ltr'><strong>esse</strong></span> <span class='ocrx_word' id='word_1_234' title='bbox 634 2649 732 2703; x_wconf 75' lang='lat' dir='ltr'><strong>regem</strong></span> <span class='ocrx_word' id='word_1_235' title='bbox 746 2630 919 2701; x_wconf 82' lang='lat' dir='ltr'><strong>Persarum,</strong></span> <span class='ocrx_word' id='word_1_236' title='bbox 946 2630 1037 2691; x_wconf 84' lang='lat' dir='ltr'><strong>cuius.</strong></span> <span class='ocrx_word' id='word_1_237' title='bbox 1049 2630 1220 2693; x_wconf 76' lang='lat' dir='ltr'><strong>immicitias</strong></span> 
     </span>
     <span class='ocr_line' id='line_1_29' title="bbox 127 2708 1220 2789; baseline 0.004 -23"><span class='ocrx_word' id='word_1_238' title='bbox 127 2710 288 2767; x_wconf 75' lang='lat' dir='ltr'><strong>ieronimum</strong></span> <span class='ocrx_word' id='word_1_239' title='bbox 310 2710 426 2769; x_wconf 84' lang='lat' dir='ltr'><strong>lucrum</strong></span> <span class='ocrx_word' id='word_1_240' title='bbox 450 2712 592 2769; x_wconf 87' lang='lat' dir='ltr'><strong>Graeciae</strong></span> <span class='ocrx_word' id='word_1_241' title='bbox 614 2708 719 2775; x_wconf 76' lang='lat' dir='ltr'><strong>aliems</strong></span> <span class='ocrx_word' id='word_1_242' title='bbox 740 2713 860 2789; x_wconf 88' lang='lat' dir='ltr'><strong>saepius</strong></span> <span class='ocrx_word' id='word_1_243' title='bbox 878 2724 1096 2787; x_wconf 80' lang='lat' dir='ltr'><strong>cognoverant,</strong></span> <span class='ocrx_word' id='word_1_244' title='bbox 1127 2715 1220 2770; x_wconf 90' lang='lat' dir='ltr'><strong>simu-</strong></span> 
     </span>
     <span class='ocr_line' id='line_1_30' title="bbox 126 2791 1219 2873; baseline 0.004 -23"><span class='ocrx_word' id='word_1_245' title='bbox 126 2791 215 2850; x_wconf 87' lang='lat' dir='ltr'><strong>latam</strong></span> <span class='ocrx_word' id='word_1_246' title='bbox 237 2814 310 2852; x_wconf 83' lang='lat' dir='ltr'><strong>vero</strong></span> <span class='ocrx_word' id='word_1_247' title='bbox 333 2795 491 2852; x_wconf 82' lang='lat' dir='ltr'><strong>amicitiam</strong></span> <span class='ocrx_word' id='word_1_248' title='bbox 516 2795 650 2869; x_wconf 78' lang='lat' dir='ltr'><strong>ingentes</strong></span> <span class='ocrx_word' id='word_1_249' title='bbox 683 2796 797 2853; x_wconf 80' lang='lat' dir='ltr'><strong>clades:</strong></span> <span class='ocrx_word' id='word_1_250' title='bbox 826 2816 924 2873; x_wconf 84' lang='lat' dir='ltr'><strong>neque</strong></span> <span class='ocrx_word' id='word_1_251' title='bbox 948 2806 1047 2854; x_wconf 86' lang='lat' dir='ltr'><strong>tamen</strong></span> <span class='ocrx_word' id='word_1_252' title='bbox 1072 2797 1219 2869; x_wconf 68' lang='lat' dir='ltr'><strong>singulare</strong></span> 
     </span>
     <span class='ocr_line' id='line_1_31' title="bbox 125 2877 1220 2963; baseline 0.004 -28"><span class='ocrx_word' id='word_1_253' title='bbox 125 2877 238 2935; x_wconf 87' lang='lat' dir='ltr'><strong>bellurn</strong></span> <span class='ocrx_word' id='word_1_254' title='bbox 261 2897 329 2935; x_wconf 89' lang='lat' dir='ltr'><strong>cum</strong></span> <span class='ocrx_word' id='word_1_255' title='bbox 351 2895 386 2935; x_wconf 90' lang='lat' dir='ltr'><strong>eo</strong></span> <span class='ocrx_word' id='word_1_256' title='bbox 404 2878 631 2956; x_wconf 81' lang='lat' dir='ltr'><strong>suscipiendum</strong></span> <span class='ocrx_word' id='word_1_257' title='bbox 647 2889 773 2963; x_wconf 84' lang='lat' dir='ltr'><strong>propter</strong></span> <span class='ocrx_word' id='word_1_258' title='bbox 789 2889 898 2937; x_wconf 80' lang='lat' dir='ltr'><strong>irretum</strong></span> <span class='ocrx_word' id='word_1_259' title='bbox 921 2888 1105 2939; x_wconf 85' lang='lat' dir='ltr'><strong>caeterorum</strong></span> <span class='ocrx_word' id='word_1_260' title='bbox 1125 2882 1220 2939; x_wconf 85' lang='lat' dir='ltr'><strong>Grae-</strong></span> 
     </span>
     <span class='ocr_line' id='line_1_32' title="bbox 128 2962 1218 3043; baseline 0.005 -25"><span class='ocrx_word' id='word_1_261' title='bbox 128 2981 245 3020; x_wconf 90' lang='lat' dir='ltr'><strong>corum:</strong></span> <span class='ocrx_word' id='word_1_262' title='bbox 268 2972 395 3021; x_wconf 73' lang='lat' dir='ltr'><strong>strenue·</strong></span> <span class='ocrx_word' id='word_1_263' title='bbox 405 2982 479 3021; x_wconf 86' lang='lat' dir='ltr'><strong>vero</strong></span> <span class='ocrx_word' id='word_1_264' title='bbox 501 2981 601 3020; x_wconf 89' lang='lat' dir='ltr'><strong>omnes</strong></span> <span class='ocrx_word' id='word_1_265' title='bbox 622 2962 696 3041; x_wconf 85' lang='lat' dir='ltr'><strong>reip.</strong></span> <span class='ocrx_word' id='word_1_266' title='bbox 715 2963 816 3041; x_wconf 75' lang='lat' dir='ltr'><strong>copim</strong></span> <span class='ocrx_word' id='word_1_267' title='bbox 831 2984 893 3021; x_wconf 85' lang='lat' dir='ltr'><strong>esee</strong></span> <span class='ocrx_word' id='word_1_268' title='bbox 911 2963 1109 3021; x_wconf 81' lang='lat' dir='ltr'><strong>instruendas</strong></span> <span class='ocrx_word' id='word_1_269' title='bbox 1123 2986 1218 3043; x_wconf 83' lang='lat' dir='ltr'><strong>appa-</strong></span> 
     </span>
     <span class='ocr_line' id='line_1_33' title="bbox 126 3045 1218 3124; baseline 0.002 -19"><span class='ocrx_word' id='word_1_270' title='bbox 126 3046 301 3124; x_wconf 88' lang='lat' dir='ltr'><strong>randasque.</strong></span> <span class='ocrx_word' id='word_1_271' title='bbox 323 3045 372 3103; x_wconf 85' lang='lat' dir='ltr'><strong>sic</strong></span> <span class='ocrx_word' id='word_1_272' title='bbox 389 3046 464 3105; x_wconf 85' lang='lat' dir='ltr'><strong>enim</strong></span> <span class='ocrx_word' id='word_1_273' title='bbox 480 3046 631 3119; x_wconf 82' lang='lat' dir='ltr'><strong>futurum,</strong></span> <span class='ocrx_word' id='word_1_274' title='bbox 648 3057 682 3105; x_wconf 86' lang='lat' dir='ltr'><strong>ut</strong></span> <span class='ocrx_word' id='word_1_275' title='bbox 706 3048 850 3105; x_wconf 76' lang='lat' dir='ltr'><strong>maximus</strong></span> <span class='ocrx_word' id='word_1_276' title='bbox 864 3066 966 3123; x_wconf 78' lang='lat' dir='ltr'><strong>regem</strong></span> <span class='ocrx_word' id='word_1_277' title='bbox 979 3048 1069 3105; x_wconf 88' lang='lat' dir='ltr'><strong>timer</strong></span> <span class='ocrx_word' id='word_1_278' title='bbox 1085 3048 1218 3123; x_wconf 80' lang='lat' dir='ltr'><strong>inuadat,</strong></span> 
     </span>
     <span class='ocr_line' id='line_1_34' title="bbox 127 3129 1222 3213; baseline 0.001 -24"><span class='ocrx_word' id='word_1_279' title='bbox 127 3151 253 3208; x_wconf 90' lang='lat' dir='ltr'><strong>eumque</strong></span> <span class='ocrx_word' id='word_1_280' title='bbox 269 3130 305 3188; x_wconf 84' lang='lat' dir='ltr'><strong>nd</strong></span> <span class='ocrx_word' id='word_1_281' title='bbox 319 3150 424 3209; x_wconf 87' lang='lat' dir='ltr'><strong>pacem</strong></span> <span class='ocrx_word' id='word_1_282' title='bbox 440 3130 615 3190; x_wconf 85' lang='lat' dir='ltr'><strong>servandam</strong></span> <span class='ocrx_word' id='word_1_283' title='bbox 630 3129 782 3190; x_wconf 88' lang='lat' dir='ltr'><strong>hortetur:</strong></span> <span class='ocrx_word' id='word_1_284' title='bbox 804 3130 949 3209; x_wconf 83' lang='lat' dir='ltr'><strong>siquidem</strong></span> <span class='ocrx_word' id='word_1_285' title='bbox 961 3176 969 3203; x_wconf 91' lang='lat'><strong>,</strong></span> <span class='ocrx_word' id='word_1_286' title='bbox 979 3132 1222 3213; x_wconf 73' lang='lat' dir='ltr'><strong>conspirantibus-</strong></span> 
     </span>
     <span class='ocr_line' id='line_1_35' title="bbox 126 3213 1219 3295; baseline 0.004 -22"><span class='ocrx_word' id='word_1_287' title='bbox 126 3214 164 3273; x_wconf 88' lang='lat' dir='ltr'><strong>ad</strong></span> <span class='ocrx_word' id='word_1_288' title='bbox 187 3215 251 3275; x_wconf 85' lang='lat' dir='ltr'><strong>eius</strong></span> <span class='ocrx_word' id='word_1_289' title='bbox 266 3213 429 3293; x_wconf 84' lang='lat' dir='ltr'><strong>perniciem</strong></span> <span class='ocrx_word' id='word_1_290' title='bbox 452 3214 598 3273; x_wconf 78' lang='lat' dir='ltr'><strong>uniuersis</strong></span> <span class='ocrx_word' id='word_1_291' title='bbox 625 3215 763 3291; x_wconf 86' lang='lat' dir='ltr'><strong>Graecis,</strong></span> <span class='ocrx_word' id='word_1_292' title='bbox 781 3236 846 3275; x_wconf 82' lang='lat' dir='ltr'><strong>uon</strong></span> <span class='ocrx_word' id='word_1_293' title='bbox 865 3214 1001 3291; x_wconf 75' lang='lat' dir='ltr'><strong>habebit,</strong></span> <span class='ocrx_word' id='word_1_294' title='bbox 1023 3236 1083 3295; x_wconf 83' lang='lat' dir='ltr'><strong>quo</strong></span> <span class='ocrx_word' id='word_1_295' title='bbox 1106 3238 1139 3275; x_wconf 84' lang='lat' dir='ltr'><strong>se</strong></span> <span class='ocrx_word' id='word_1_296' title='bbox 1163 3216 1219 3277; x_wconf 80' lang='lat' dir='ltr'><strong>ad-</strong></span> 
     </span>
     <span class='ocr_line' id='line_1_36' title="bbox 124 3299 673 3376; baseline 0.002 -18"><span class='ocrx_word' id='word_1_297' title='bbox 124 3319 231 3359; x_wconf 82' lang='lat' dir='ltr'><strong>versus</strong></span> <span class='ocrx_word' id='word_1_298' title='bbox 247 3318 349 3358; x_wconf 86' lang='lat' dir='ltr'><strong>eorum</strong></span> <span class='ocrx_word' id='word_1_299' title='bbox 364 3299 506 3376; x_wconf 84' lang='lat' dir='ltr'><strong>impetum</strong></span> <span class='ocrx_word' id='word_1_300' title='bbox 521 3300 673 3359; x_wconf 70' lang='lat' dir='ltr'><strong>sustineat</strong></span> 
     </span>
    </p>

    <p class='ocr_par' dir='ltr' id='par_1_3' title="bbox 126 3383 1217 3549">
     <span class='ocr_line' id='line_1_37' title="bbox 208 3383 1217 3465; baseline 0.004 -25"><span class='ocrx_word' id='word_1_301' title='bbox 208 3384 252 3441; x_wconf 87' lang='lat' dir='ltr'><strong>lta</strong></span> <span class='ocrx_word' id='word_1_302' title='bbox 275 3384 394 3459; x_wconf 80' lang='lat' dir='ltr'><strong>cognito</strong></span> <span class='ocrx_word' id='word_1_303' title='bbox 416 3383 570 3442; x_wconf 85' lang='lat' dir='ltr'><strong>Orationis</strong></span> <span class='ocrx_word' id='word_1_304' title='bbox 591 3392 779 3459; x_wconf 78' lang='lat' dir='ltr'><strong>argumento,</strong></span> <span class='ocrx_word' id='word_1_305' title='bbox 812 3392 918 3465; x_wconf 86' lang='lat' dir='ltr'><strong>sponte</strong></span> <span class='ocrx_word' id='word_1_306' title='bbox 941 3385 1024 3443; x_wconf 87' lang='lat' dir='ltr'><strong>nobis</strong></span> <span class='ocrx_word' id='word_1_307' title='bbox 1048 3386 1145 3444; x_wconf 77' lang='lat' dir='ltr'><strong>oritur</strong></span> <span class='ocrx_word' id='word_1_308' title='bbox 1161 3384 1217 3445; x_wconf 83' lang='lat' dir='ltr'><strong>sd-</strong></span> 
     </span>
     <span class='ocr_line' id='line_1_38' title="bbox 126 3466 1215 3549; baseline 0.006 -28"><span class='ocrx_word' id='word_1_309' title='bbox 126 3466 244 3523; x_wconf 86' lang='lat' dir='ltr'><strong>miretio</strong></span> <span class='ocrx_word' id='word_1_310' title='bbox 265 3466 489 3545; x_wconf 81' lang='lat' dir='ltr'><strong>Demosthenis,</strong></span> <span class='ocrx_word' id='word_1_311' title='bbox 523 3468 576 3549; x_wconf 77' lang='lat' dir='ltr'><strong>qui</strong></span> <span class='ocrx_word' id='word_1_312' title='bbox 598 3467 739 3547; x_wconf 73' lang='lat' dir='ltr'><strong>vigesimo</strong></span> <span class='ocrx_word' id='word_1_313' title='bbox 768 3478 875 3529; x_wconf 81' lang='lat' dir='ltr'><strong>octavo</strong></span> <span class='ocrx_word' id='word_1_314' title='bbox 892 3467 981 3529; x_wconf 87' lang='lat' dir='ltr'><strong>ruodo</strong></span> <span class='ocrx_word' id='word_1_315' title='bbox 1002 3470 1110 3530; x_wconf 83' lang='lat' dir='ltr'><strong>aetatis</strong></span> <span class='ocrx_word' id='word_1_316' title='bbox 1128 3489 1215 3545; x_wconf 86' lang='lat' dir='ltr'><strong>anno,</strong></span> 
     </span>
    </p>
   </div>
   <div class='ocr_carea' id='block_1_3' title="bbox 130 3622 332 3641">
    <p class='ocr_par' dir='ltr' id='par_1_4' title="bbox 130 3622 332 3641">
     <span class='ocr_line' id='line_1_39' title="bbox 130 3622 332 3641; baseline 0.01 -2"><span class='ocrx_word' id='word_1_317' title='bbox 130 3622 332 3641; x_wconf 49' lang='grc' dir='ltr'>ῃ</span> 
     </span>
    </p>
   </div>
   <div class='ocr_carea' id='block_1_4' title="bbox 228 3715 1217 4406">
    <p class='ocr_par' dir='ltr' id='par_1_5' title="bbox 228 3715 1217 4406">
     <span class='ocr_line' id='line_1_40' title="bbox 228 3715 1217 3791; baseline 0.004 -24"><span class='ocrx_word' id='word_1_318' title='bbox 228 3715 370 3785; x_wconf 81' lang='lat' dir='ltr'><strong>phiswald.</strong></span> <span class='ocrx_word' id='word_1_319' title='bbox 387 3721 461 3777; x_wconf 77' lang='lat'><strong>1819.</strong></span> <span class='ocrx_word' id='word_1_320' title='bbox 476 3738 504 3789; x_wconf 88' lang='lat' dir='ltr'><strong>p.</strong></span> <span class='ocrx_word' id='word_1_321' title='bbox 517 3723 592 3776; x_wconf 62' lang='lat' dir='ltr'><strong>M:</strong></span> <span class='ocrx_word' id='word_1_322' title='bbox 610 3722 726 3787; x_wconf 79' lang='lat' dir='ltr'><strong>„Oratio</strong></span> <span class='ocrx_word' id='word_1_323' title='bbox 738 3721 772 3775; x_wconf 88' lang='lat' dir='ltr'><strong>d&#39;e</strong></span> <span class='ocrx_word' id='word_1_324' title='bbox 784 3720 943 3791; x_wconf 75' lang='lat' dir='ltr'><strong>Symmoriis</strong></span> <span class='ocrx_word' id='word_1_325' title='bbox 956 3740 1013 3774; x_wconf 88' lang='lat' dir='ltr'><strong>non</strong></span> <span class='ocrx_word' id='word_1_326' title='bbox 1025 3722 1034 3773; x_wconf 91' lang='lat' dir='ltr'><strong>i</strong></span> <span class='ocrx_word' id='word_1_327' title='bbox 1053 3738 1113 3779; x_wconf 85' lang='lat' dir='ltr'><strong>sam</strong></span> <span class='ocrx_word' id='word_1_328' title='bbox 1124 3721 1217 3791; x_wconf 77' lang='lat' dir='ltr'><strong>legem</strong></span> 
     </span>
     <span class='ocr_line' id='line_1_41' title="bbox 230 3740 1216 3859; baseline 0.004 -22"><span class='ocrx_word' id='word_1_329' title='bbox 230 3803 263 3837; x_wconf 84' lang='lat' dir='ltr'><strong>ec</strong></span> <span class='ocrx_word' id='word_1_330' title='bbox 285 3787 461 3855; x_wconf 81' lang='lat' dir='ltr'><strong>rogationem</strong></span> <span class='ocrx_word' id='word_1_331' title='bbox 478 3790 619 3856; x_wconf 83' lang='lat' dir='ltr'><strong>continet,</strong></span> <span class='ocrx_word' id='word_1_332' title='bbox 638 3790 685 3843; x_wconf 87' lang='lat' dir='ltr'><strong>sed</strong></span> <span class='ocrx_word' id='word_1_333' title='bbox 706 3790 820 3843; x_wconf 88' lang='lat' dir='ltr'><strong>consiliu</strong></span> <span class='ocrx_word' id='word_1_334' title='bbox 842 3800 970 3859; x_wconf 73' lang='lat' dir='ltr'><strong>tantum,</strong></span> <span class='ocrx_word' id='word_1_335' title='bbox 990 3740 1088 3859; x_wconf 69' lang='lat' dir='ltr'><strong>quihus</strong></span> <span class='ocrx_word' id='word_1_336' title='bbox 1106 3798 1216 3841; x_wconf 82' lang='lat' dir='ltr'><strong>tentare</strong></span> 
     </span>
     <span class='ocr_line' id='line_1_42' title="bbox 230 3852 1216 3925; baseline 0.002 -20"><span class='ocrx_word' id='word_1_337' title='bbox 230 3853 331 3905; x_wconf 83' lang='lat' dir='ltr'><strong>civium</strong></span> <span class='ocrx_word' id='word_1_338' title='bbox 346 3852 453 3906; x_wconf 83' lang='lat' dir='ltr'><strong>animos</strong></span> <span class='ocrx_word' id='word_1_339' title='bbox 473 3866 501 3908; x_wconf 89' lang='lat' dir='ltr'><strong>et</strong></span> <span class='ocrx_word' id='word_1_340' title='bbox 520 3874 695 3925; x_wconf 77' lang='lat' dir='ltr'><strong>praeparare¹</strong></span> <span class='ocrx_word' id='word_1_341' title='bbox 706 3858 821 3909; x_wconf 83' lang='lat' dir='ltr'><strong>voluisse</strong></span> <span class='ocrx_word' id='word_1_342' title='bbox 834 3860 1034 3911; x_wconf 81' lang='lat' dir='ltr'><strong>Demosthenes</strong></span> <span class='ocrx_word' id='word_1_343' title='bbox 1054 3856 1163 3921; x_wconf 79' lang='lat' dir='ltr'><strong>¹uidetur</strong></span> <span class='ocrx_word' id='word_1_344' title='bbox 1180 3856 1216 3908; x_wconf 84' lang='lat' dir='ltr'><strong>ed</strong></span> 
     </span>
     <span class='ocr_line' id='line_1_43' title="bbox 230 3922 1215 3995; baseline 0.004 -23"><span class='ocrx_word' id='word_1_345' title='bbox 230 3922 322 3991; x_wconf 81' lang='lat' dir='ltr'><strong>legem</strong></span> <span class='ocrx_word' id='word_1_346' title='bbox 338 3933 434 3993; x_wconf 78' lang='lat' dir='ltr'><strong>postea</strong></span> <span class='ocrx_word' id='word_1_347' title='bbox 449 3924 572 3976; x_wconf 73' lang='lat' dir='ltr'><strong>fortassis</strong></span> <span class='ocrx_word' id='word_1_348' title='bbox 590 3926 625 3979; x_wconf 88' lang='lat' dir='ltr'><strong>ad</strong></span> <span class='ocrx_word' id='word_1_349' title='bbox 645 3944 673 3979; x_wconf 88' lang='lat' dir='ltr'><strong>se</strong></span> <span class='ocrx_word' id='word_1_350' title='bbox 693 3926 852 3991; x_wconf 82' lang='lat' dir='ltr'><strong>serendam,</strong></span> <span class='ocrx_word' id='word_1_351' title='bbox 870 3928 921 3979; x_wconf 86' lang='lat' dir='ltr'><strong>sed</strong></span> <span class='ocrx_word' id='word_1_352' title='bbox 939 3932 1081 3995; x_wconf 74' lang='lat' dir='ltr'><strong>nunqnam</strong></span> <span class='ocrx_word' id='word_1_353' title='bbox 1099 3926 1215 3977; x_wconf 85' lang='lat' dir='ltr'><strong>letam.“</strong></span> 
     </span>
     <span class='ocr_line' id='line_1_44' title="bbox 228 3992 1216 4067; baseline 0.006 -28"><span class='ocrx_word' id='word_1_354' title='bbox 228 3992 268 4041; x_wconf 89' lang='lat' dir='ltr'><strong>De</strong></span> <span class='ocrx_word' id='word_1_355' title='bbox 283 3994 427 4057; x_wconf 81' lang='lat' dir='ltr'><strong>postrenus</strong></span> <span class='ocrx_word' id='word_1_356' title='bbox 442 3995 533 4047; x_wconf 84' lang='lat' dir='ltr'><strong>verbis</strong></span> <span class='ocrx_word' id='word_1_357' title='bbox 549 3994 660 4047; x_wconf 87' lang='lat' dir='ltr'><strong>dubito:</strong></span> <span class='ocrx_word' id='word_1_358' title='bbox 678 3994 767 4047; x_wconf 86' lang='lat' dir='ltr'><strong>multa</strong></span> <span class='ocrx_word' id='word_1_359' title='bbox 782 3994 866 4047; x_wconf 88' lang='lat' dir='ltr'><strong>hodie</strong></span> <span class='ocrx_word' id='word_1_360' title='bbox 883 3994 1026 4063; x_wconf 80' lang='lat' dir='ltr'><strong>deperdita</strong></span> <span class='ocrx_word' id='word_1_361' title='bbox 1039 4004 1111 4067; x_wconf 43' lang='lat' dir='ltr'><strong>sunt·</strong></span> <span class='ocrx_word' id='word_1_362' title='bbox 1121 3994 1216 4063; x_wconf 76' lang='lat' dir='ltr'><strong>legum</strong></span> 
     </span>
     <span class='ocr_line' id='line_1_45' title="bbox 233 4059 1215 4133; baseline 0.008 -26"><span class='ocrx_word' id='word_1_363' title='bbox 233 4059 384 4112; x_wconf 74' lang='lat' dir='ltr'><strong>Atticarum</strong></span> <span class='ocrx_word' id='word_1_364' title='bbox 397 4063 599 4131; x_wconf 82' lang='lat' dir='ltr'><strong>psephismata,</strong></span> <span class='ocrx_word' id='word_1_365' title='bbox 619 4082 651 4115; x_wconf 91' lang='lat' dir='ltr'><strong>ae</strong></span> <span class='ocrx_word' id='word_1_366' title='bbox 665 4064 756 4133; x_wconf 87' lang='lat' dir='ltr'><strong>potuit</strong></span> <span class='ocrx_word' id='word_1_367' title='bbox 768 4062 851 4115; x_wconf 80' lang='lat' dir='ltr'><strong>facile</strong></span> <span class='ocrx_word' id='word_1_368' title='bbox 864 4065 893 4113; x_wconf 89' lang='lat' dir='ltr'><strong>in</strong></span> <span class='ocrx_word' id='word_1_369' title='bbox 914 4080 1010 4117; x_wconf 87' lang='lat' dir='ltr'><strong>eorum</strong></span> <span class='ocrx_word' id='word_1_370' title='bbox 1027 4078 1144 4115; x_wconf 84' lang='lat' dir='ltr'><strong>nurnero</strong></span> <span class='ocrx_word' id='word_1_371' title='bbox 1158 4078 1215 4115; x_wconf 77' lang='lat' dir='ltr'><strong>esse</strong></span> 
     </span>
     <span class='ocr_line' id='line_1_46' title="bbox 229 4124 1215 4200; baseline 0.007 -24"><span class='ocrx_word' id='word_1_372' title='bbox 229 4124 275 4177; x_wconf 80' lang='lat' dir='ltr'><strong>lex</strong></span> <span class='ocrx_word' id='word_1_373' title='bbox 294 4125 563 4198; x_wconf 39' lang='lat' dir='ltr'><strong>hoc-‚temporelnta</strong></span> <span class='ocrx_word' id='word_1_374' title='bbox 573 4132 607 4183; x_wconf 89' lang='lat' dir='ltr'><strong>de</strong></span> <span class='ocrx_word' id='word_1_375' title='bbox 622 4132 791 4200; x_wconf 81' lang='lat' dir='ltr'><strong>Syrnmoriis.</strong></span> <span class='ocrx_word' id='word_1_376' title='bbox 825 4130 986 4199; x_wconf 80' lang='lat' dir='ltr'><strong>Saepissime</strong></span> <span class='ocrx_word' id='word_1_377' title='bbox 1005 4130 1059 4183; x_wconf 87' lang='lat' dir='ltr'><strong>snit</strong></span> <span class='ocrx_word' id='word_1_378' title='bbox 1077 4131 1215 4183; x_wconf 82' lang='lat' dir='ltr'><strong>inhaere</strong></span> 
     </span>
     <span class='ocr_line' id='line_1_47' title="bbox 230 4186 1216 4273; baseline 0.006 -28"><span class='ocrx_word' id='word_1_379' title='bbox 230 4186 382 4273; x_wconf 60' lang='lat' dir='ltr'><strong>variatuiir,</strong></span> <span class='ocrx_word' id='word_1_380' title='bbox 400 4206 483 4267; x_wconf 81' lang='lat' dir='ltr'><strong>atque</strong></span> <span class='ocrx_word' id='word_1_381' title='bbox 497 4200 562 4252; x_wconf 89' lang='lat' dir='ltr'><strong>hinc</strong></span> <span class='ocrx_word' id='word_1_382' title='bbox 582 4203 730 4271; x_wconf 79' lang='lat' dir='ltr'><strong>praecipue</strong></span> <span class='ocrx_word' id='word_1_383' title='bbox 742 4200 892 4252; x_wconf 78' lang='lat' dir='ltr'><strong>difficulter</strong></span> <span class='ocrx_word' id='word_1_384' title='bbox 905 4200 934 4251; x_wconf 88' lang='lat' dir='ltr'><strong>in</strong></span> <span class='ocrx_word' id='word_1_385' title='bbox 951 4199 1143 4267; x_wconf 68' lang='lat' dir='ltr'><strong>cognoscendo</strong></span> <span class='ocrx_word' id='word_1_386' title='bbox 1160 4198 1216 4251; x_wconf 88' lang='lat' dir='ltr'><strong>hoc</strong></span> 
     </span>
     <span class='ocr_line' id='line_1_48' title="bbox 231 4262 1216 4335; baseline 0.006 -22"><span class='ocrx_word' id='word_1_387' title='bbox 231 4262 438 4317; x_wconf 73' lang='lat' dir='ltr'><strong>Atheniensium</strong></span> <span class='ocrx_word' id='word_1_388' title='bbox 466 4267 593 4319; x_wconf 81' lang='lat' dir='ltr'><strong>instituto</strong></span> <span class='ocrx_word' id='word_1_389' title='bbox 621 4268 767 4334; x_wconf 75' lang='lat' dir='ltr'><strong>manavit,</strong></span> <span class='ocrx_word' id='word_1_390' title='bbox 788 4266 897 4321; x_wconf 77' lang='lat' dir='ltr'><strong>facilius</strong></span> <span class='ocrx_word' id='word_1_391' title='bbox 921 4266 1010 4321; x_wconf 86' lang='lat' dir='ltr'><strong>multo</strong></span> <span class='ocrx_word' id='word_1_392' title='bbox 1028 4266 1169 4335; x_wconf 79' lang='lat' dir='ltr'><strong>tollentis,</strong></span> <span class='ocrx_word' id='word_1_393' title='bbox 1192 4268 1216 4319; x_wconf 88' lang='lat' dir='ltr'><strong>si</strong></span> 
     </span>
     <span class='ocr_line' id='line_1_49' title="bbox 230 4330 1206 4406; baseline 0.01 -24"><span class='ocrx_word' id='word_1_394' title='bbox 230 4349 327 4383; x_wconf 84' lang='lat' dir='ltr'><strong>onmes</strong></span> <span class='ocrx_word' id='word_1_395' title='bbox 340 4330 416 4404; x_wconf 79' lang='lat' dir='ltr'><strong>leges</strong></span> <span class='ocrx_word' id='word_1_396' title='bbox 429 4336 581 4387; x_wconf 83' lang='lat' dir='ltr'><strong>etiarnnum</strong></span> <span class='ocrx_word' id='word_1_397' title='bbox 593 4345 775 4406; x_wconf 83' lang='lat' dir='ltr'><strong>superessent.</strong></span> <span class='ocrx_word' id='word_1_398' title='bbox 1202 4332 1206 4339; x_wconf 81' lang='grc'><strong>’</strong></span> 
     </span>
    </p>
   </div>
   <div class='ocr_carea' id='block_1_5' title="bbox 0 0 1388 4724">
    <p class='ocr_par' dir='ltr' id='par_1_6' title="bbox 0 0 1388 4724">
     <span class='ocr_line' id='line_1_50' title="bbox 0 0 1388 4724; baseline 0 3"><span class='ocrx_word' id='word_1_399' title='bbox 0 0 1388 4724; x_wconf 95' lang='lat' dir='ltr'><strong> </strong></span> 
     </span>
    </p>
   </div>
  </div>
 </body>
</html>
