2768 4724
316 221 377 291 ut:
401 220 630 286 ouerlou.
658 220 852 288 oerum
880 220 1069 291 ortuum
1188 224 1249 295 1⁶7

451 472 692 541 OLYNTHIA
718 472 942 541 SECUNDA.
1206 514 1209 526 ·
1253 485 1288 543 4⁵

67 714 70 719 ,
210 640 369 709 Videamus
389 643 447 706 ism
465 645 505 709 (le
522 647 576 708 ills
597 646 749 722 oratione,
772 651 861 728 quam
882 643 938 709 no's
960 666 1028 708 cum
1040 647 1183 729 Dionysio
1198 671 1246 712 se-

142 730 276 791 cundum
302 733 444 810 lecimus,
481 731 515 791 in
532 753 591 814 qua
612 733 722 812 cuique
743 733 843 793 stetim
871 741 1029 810 occurret,
1065 754 1246 817 quemquem

140 815 282 876 innuitur
301 818 412 896 magis,
445 836 536 895 quem
555 818 674 877 disertis
695 817 796 878 verbis
823 818 1018 897 exprimitur,
1051 820 1112 877 iam
1131 820 1246 899 aliquid

140 907 252 960 conus
258 900 427 982 Phitppum
439 902 477 960 sb
485 900 715 963 Atheniensibus
729 911 844 980 gestum
856 922 920 962 esse
928 902 1003 982 [¹⁴],
1026 904 1080 962 sed
1094 923 1130 962 eo
1142 905 1245 983 modo,

139 994 197 1060 ut,
218 1004 293 1064 qens
314 985 386 1047 inde
402 986 505 1047 leudes
525 988 654 1067 populus
668 985 726 1046 sibi
736 988 786 1046 rel
798 987 866 1068 ipse
877 986 1037 1061 tribueret,
1059 988 1110 1046 vel
1124 988 1246 1053 concio,-

140 1078 267 1130 netores
281 1071 372 1148 viles,
393 1069 605 1133 Demosthenes
616 1092 665 1132 eus
679 1071 841 1132 immeritas
858 1091 923 1132 esse
934 1071 1120 1154 comprobet.
1163 1072 1247 1133 Inest
1305 1090 1318 1121 0

140 1172 280 1232 quoque,
310 1155 394 1235 quod
423 1156 590 1218 orationem
614 1157 747 1238 priorem
766 1156 894 1237 primam
921 1175 987 1216 esso
1012 1156 1095 1218 clero
1114 1158 1244 1219 evincet.
1288 1184 1297 1203 ··

140 1237 240 1314 negat
258 1240 383 1299 enimin
400 1240 549 1302 secundae
566 1242 707 1317 exordio,
728 1239 767 1299 de
785 1240 932 1300 ultiones
945 1239 1084 1321 Philippo
1100 1241 1246 1304 sumentis

141 1323 338 1400 cogitantium
358 1345 439 1401 esse,
461 1325 515 1386 sed
535 1326 717 1402 cavendum,
744 1345 782 1386 ne
804 1324 863 1404 ipsi
883 1324 980 1387 maius
998 1324 1088 1389 etiem
1101 1326 1256 1387 demeum-

142 1405 183 1465 ah
206 1425 248 1467 eo
265 1409 452 1470 contrahent.
496 1409 587 1484 Quod
605 1411 631 1470 si
650 1411 726 1471 haec
744 1409 961 1470 contulerimus
979 1427 1049 1469 oum
1067 1411 1143 1486 illis,
1160 1408 1250 1490 quse

140 1491 260 1571 primus
285 1493 428 1554 orationis
447 1500 590 1574 tanquam
606 1515 752 1554 smnmem
768 1495 955 1570 invenimur,
975 1494 1159 1574 puniendum
1178 1513 1246 1561 esso

141 1574 337 1658 Philippum,
357 1578 409 1638 cui
429 1579 551 1640 oculato
570 1578 654 1639 houd
672 1597 849 1660 persuasum
871 1579 945 1655 erit,
974 1577 1119 1641 ultiomm
1139 1580 1244 1660 potius

78 1683 83 1697 ·
141 1661 175 1720 in
184 1660 284 1743 p'n'ms
296 1664 398 1723 locrun
412 1661 541 1740 habers,
560 1684 653 1743 quam
664 1667 697 1723 in
709 1663 924 1745 sequentibus?

211 1746 358 1820 Queritur
372 1756 473 1809 orator
486 1748 594 1810 deinde
606 1748 644 1809 de
656 1768 780 1809 suorum
791 1748 919 1828 ignavie,
940 1766 1018 1828 quse
1030 1742 1255 1829 assentantimn-

140 1832 335 1913 quomndam
355 1831 497 1893 lsudshus
521 1833 637 1895 indies
661 1842 819 1912 augeatru,
855 1833 959 1893 its-ut
981 1833 1062 1897 cives
1082 1853 1192 1916 pungne
1209 1853 1246 1895 ss

139 1917 306 1998 perfecisse
328 1917 460 1978 credant
502 1919 598 1979 Sicuti
617 1919 733 1998 priores
751 1920 922 1978 occasiones
945 1918 1084 1979 socordis
1103 1926 1253 1998 praetem·

140 2003 296 2077 miserint,
315 2002 358 2061 its
370 2022 450 2062 nunc
461 2003 656 2080 ignominiose
669 2002 757 2082 perdi
767 2000 992 2083 rempublicam.
1033 2005 1142 2064 Portos
1154 2022 1239 2077 vero,

140 2106 241 2167 quum
259 2086 352 2147 verba
372 2089 493 2149 fecisset
514 2086 552 2148 de
573 2088 701 2167 opibus,
731 2089 840 2168 quibus
860 2087 974 2147 bellum
996 2087 1159 2171 gerendum
1178 2105 1243 2145 esse

125 2178 275 2246 censet,-
290 2191 390 2231 amero
413 2192 547 2232 sermone
568 2172 726 2232 stultitiam
749 2188 853 2233 eorum
876 2173 1062 2251 perstringit,
1085 2175 1139 2253 qui
1149 2171 1242 2230 verba

140 2255 293 2315 iactomm
305 2256 373 2315 vice
388 2257 472 2334 iungi
486 2266 611 2337 putent,
633 2256 784 2337 officiique
796 2255 940 2336 neglecti,
959 2256 1011 2315 ubi
1033 2274 1071 2314 ne
1093 2255 1151 2335 ipsi
1174 2254 1244 2333 qni-

141 2339 213 2399 slem
229 2348 349 2400 strenus
362 2360 395 2402 se
409 2341 569 2418 gesserint,
591 2340 683 2401 duces
701 2362 843 2403 accusare
857 2351 947 2420 etque
961 2340 1061 2401 dulcio
1080 2351 1149 2400 ante
1162 2338 1242 2399 iuste

140 2426 252 2501 eligere
271 2445 333 2483 non
354 2436 525 2486 vereantur.
569 2427 672 2486 Finem
695 2427 824 2506 denique
846 2424 920 2484 huic
942 2426 1084 2485 orationis
1098 2423 1242 2506 partile-

140 2519 258 2568 contem
270 2509 398 2588 imponit
415 2511 614 2589 comparando
627 2531 698 2570 sune
714 2512 817 2571 aetatis
829 2509 965 2571 honrinos
980 2531 1048 2570 cum
1063 2508 1239 2570 maioribus.

139 2591 181 2653 At
204 2594 313 2651 accidit
333 2593 384 2651 hic
404 2594 485 2654 idem
502 2595 607 2670 nobis,
628 2597 711 2673 quod
729 2597 833 2676 paullo
852 2605 937 2655 antea
951 2597 1135 2672 notavimus3
1166 2593 1282 2672 quidm

140 2679 167 2737 si
182 2697 392 2758 comparamus
411 2676 501 2737 huius
518 2680 658 2738 orationis
677 2681 838 2761 opprobria
855 2700 923 2740 cum
937 2701 1004 2759 spo,
1026 2701 1085 2760 que
1098 2683 1130 2740 in
1141 2679 1241 2758 prima

140 2762 242 2824 omnia
256 2764 440 2822 sustinentur
455 2772 484 2822 ot
499 2759 679 2840 eriguntur?

208 2847 327 2905 claudit
338 2847 417 2906 hanc
432 2848 598 2906 orationem
608 2847 825 2922 admonitione,
847 2858 882 2906 ut
895 2867 996 2906 omnes
1014 2850 1083 2905 cuin
1097 2849 1242 2925 pecuniae

141 2941 208 2991 tum
229 2931 352 2989 militiae
365 2951 440 2990 onus
458 2932 586 2989 libenter
600 2930 746 3006 srrboant3
767 2950 854 3009 quem
870 2931 1002 2989 insulem
1019 2950 1120 2990 rerum
1140 2930 1242 3008 publi-

140 3034 249 3076 oerum‘
269 3017 448 3076 mutationes
470 3015 629 3074 nonnullas
643 3018 803 3097 proponit,
826 3017 934 3093 quibus
949 3016 1038 3075 facile
1056 3035 1103 3074 res
1116 3033 1242 3093 peraga-

139 3111 203 3167 tur.
240 3100 370 3161 Pulchre
384 3101 459 3160 haec
472 3100 653 3178 Dionysiano
667 3100 764 3159 ordini
783 3101 976 3162 convehiturt.
1012 3101 1086 3160 Nam
1098 3101 1129 3158 in
1144 3099 1242 3177 prime

139 3185 215 3245 huic
236 3186 280 3244 rei
299 3194 415 3244 tantum
430 3187 573 3265 temporis
589 3207 650 3245 non
665 3180 788 3262 tribuit,
811 3206 901 3266 quam
917 3188 949 3246 in
962 3185 1019 3245 leue
1032 3184 1181 3262 oratione3
1203 3183 1242 3245 de

138 3269 232 3332 tertia
246 3281 319 3329 vero
332 3270 403 3330 virle
418 3270 506 3329 inira.

128 3390 130 3395 ·
207 3358 385 3432 Quanquam
404 3354 441 3413 de
468 3355 579 3414 auxilio
598 3358 688 3416 misso
711 3376 807 3416 sermo
830 3357 860 3414 in
883 3356 941 3415 hoc
965 3358 1099 3416 oretione
1120 3374 1181 3415 non
1196 3354 1239 3432 iit,

138 3439 199 3500 seo
216 3439 379 3515 evestigiis
395 3440 573 3519 quibusdum
588 3440 753 3501 exercitum
766 3443 937 3521 proiectum
957 3462 1021 3501 osse
1037 3440 1135 3519 colligi
1148 3441 1239 3518 licet,

138 3534 245 3584 temen
264 3523 437 3582 Philochori
461 3526 622 3584 adversarii
646 3526 721 3605 ipsi,
750 3526 907 3601 Libonius,
935 3527 1133 3601 Scholiastos,
1161 3527 1241 3585 Luc-

138 3607 294 3668 ehesinius
321 3619 351 3669 ot
369 3609 535 3687 liiidig'enrs
559 3611 660 3689 copias
686 3611 829 3691 quasdem
851 3612 1017 3690 Olynthum
1042 3612 1145 3670 missas
1175 3631 1239 3668 csse

138 3693 323 3754 concedunt.
368 3693 467 3767 Quare
492 3695 579 3753 otiam
600 3705 667 3753 ante
690 3697 852 3756 orationem
875 3697 1008 3772 tertiam,
1037 3718 1130 3774 quum
1150 3694 1182 3751 in
1206 3714 1240 3753 ea

139 3796 200 3837 nec
214 3780 304 3856 plura
320 3798 375 3838 nec
390 3780 533 3857 pauciora
548 3780 640 3838 verba
657 3778 694 3839 do
710 3782 821 3840 auxilio
839 3780 927 3857 siant,
949 3803 1038 3859 (ruam
1052 3781 1082 3838 in
1098 3777 1241 3850 secundo,

138 3864 311 3924 exercitum
329 3865 500 3942 protectum
521 3883 585 3922 osse
599 3884 667 3923 cum
679 3864 859 3925 Philochoro
884 3876 1013 3926 statuere
1028 3866 1106 3923 licet.
1151 3862 1241 3922 Vides

140 3948 252 4025 igitur,
274 3950 424 4008 orationes
446 3950 526 4029 ipses
543 3947 715 4011 Philochori
736 3951 899 4012 narrationi
919 3972 979 4012 non
1004 3966 1188 4030 s'cpuguare5
1208 3946 1246 4006 id·
1352 4006 1355 4019 ,

141 4034 228 4112 quod
240 4033 456 4114 postulavimus
471 4035 501 4095 in
516 4054 581 4114 cop.
597 4035 631 4096 V.
648 4035 781 4100 exordio.

594 4209 797 4228 w
