2768 4724
310 242 370 304 sn
394 236 523 303 onir.
550 238 607 300 ua
632 215 855 299 unonron
884 182 1062 298 ainana.
1157 241 1227 309 ιιι,

202 414 236 473 Ρ.
260 417 329 478 192.
348 429 378 475 r..
401 410 431 477 5·
454 407 560 488 εἰπεῖν]
580 405 664 468 Facit
674 404 707 465 id
720 403 752 464 in
768 403 902 466 oratione
913 395 1065 484 'superiori
1079 405 1116 468 de
1130 406 1222 469 colle·

140 495 204 575 giis.
229 497 262 557 V.
278 517 307 556 v.
324 503 372 561 11.
386 515 483 555 nutat.

203 599 235 655 P.
261 603 330 662 192.
353 617 383 656 v.
406 597 436 662 5.
468 596 496 658 si
518 588 605 673 [asia]
629 588 783 672 πρόφασιν
803 595 858 672 τῆς
875 589 1064 669 παρασκευῆς
1083 615 1111 654 ιι.
1129 617 1155 655 ι.
1180 594 1220 675 b]

142 670 255 739 Conser'
265 681 326 741 linc
343 682 443 740 locum
457 678 659 758 praecedentis
676 678 827 734 orationis:
851 674 981 748 Quodsi
997 677 1054 733 alia
1070 678 1222 755 copiarum

140 775 218 824 esset
235 766 328 837 ratio,
358 784 417 843 qua
444 764 546 821 ulcisci
567 762 671 819 liceret
695 761 870 830 barbarum,
902 758 975 833 alia,
1004 780 1062 835 qua
1085 763 1238 837 Graecos,v

140 850 264 907 sortasse
287 849 386 926 palam
407 847 502 919 lieret,
521 866 579 904 nos
600 845 741 902 adversus
766 863 832 902 eum
853 844 976 915 instrui,
994 854 1049 902 etc.
1088 846 1162 902 Nam
1181 845 1224 905 ibi

138 933 206 990 vult
224 933 445 990 instructionem
465 931 507 988 ita
533 928 611 1000 lieri,
636 936 670 985 ut
695 928 731 985 de
753 925 950 1005 oppugnando
971 928 1075 1004 Persa,
1104 929 1224 989 foedere

138 1015 356 1090 intercedente,
379 1016 508 1091 cogitare
525 1011 599 1070 nihil
614 1011 775 1068 videantur.
792 1030 890 1069 worn.

202 1117 235 1174 P.
258 1120 328 1180 192.
350 1135 381 1173 v.
404 1119 433 1179 6.
459 1107 560 1189 [τὴνΠ
588 1111 680 1168 Abest
700 1111 736 1169 ab
760 1111 829 1169 edit.
848 1111 879 1168 P.
894 1111 1026 1173 blanutii.
1056 1112 1224 1174 Articulum

139 1211 174 1260 ut
190 1199 356 1259 tollendum
377 1198 461 1255 uncis
481 1195 597 1253 inclusi.
611 1215 706 1252 aaran.
729 1196 825 1252 Uncos
836 1195 988 1255 ssekkerus
1005 1208 1086 1279 recte
1105 1200 1223 1259 amovit.

138 1285 215 1344 Vere
230 1278 386 1340 Fisclrerua
403 1280 441 1339 ad
456 1280 573 1338 Weller.
589 1279 612 1337 l.
627 1299 658 1357 p.
672 1283 757 1343 320.:
781 1279 872 1350 „Non
896 1301 964 1338 roro
987 1291 1016 1339 et
1038 1282 1178 1339 subiectis
1196 1290 1226 1341 et

138 1366 317 1448 praedicatis
334 1364 567 1423 enuntiationum
584 1363 725 1420 articulus
742 1360 1056 1426 additusjnvenitur.“
1080 1367 1225 1442 Compara

140 1473 172 1529 p-
186 1454 263 1521 893,
277 1453 328 1512 26.
350 1448 429 1522 ξένια
446 1439 475 1509 θ’
492 1437 530 1524 ἦν
552 1440 606 1525 [ἦ]
628 1443 792 1524 πρόφασις,
808 1455 842 1502 ut
857 1447 942 1506 etiam
958 1449 1108 1507 Bekkerus
1120 1449 1223 1510 edidit.
1346 1530 1352 1545 .

140 1534 196 1592 Hic
214 1551 333 1609 quoque
353 1551 446 1606 uncos
460 1551 608 1589 censerem
629 1529 825 1601 amovendos,
845 1530 902 1587 nisi
920 1531 999 1589 aliud
1020 1530 1129 1591 Orator
1150 1534 1226 1591 scri·

141 1617 237 1696 psisse
270 1614 430 1673 videretur.
472 1615 623 1673 Assentior
648 1615 723 1671 enim
744 1612 994 1685 ttobree0,=vir0
1025 1618 1158 1692 egregio,
1185 1616 1225 1675 ad

102 1751 104 1757 .
141 1697 333 1779 Aristophan.
350 1699 425 1756 Plut.
440 1703 510 1762 314.
527 1696 734 1775 (commentar.
749 1697 779 1753 in
796 1696 985 1774 Aristophan.
998 1699 1062 1757 VH.
1078 1707 1105 1763 1.
1117 1721 1147 1778 p.
1157 1699 1225 1782 95.)

140 1783 215 1842 baec
227 1782 354 1840 notanti:
374 1783 473 1857 „Lege
488 1802 524 1840 ex
536 1781 649 1858 optimo
662 1780 752 1837 Paris.
767 1784 859 1843 2934.
881 1803 896 1838 a
913 1787 1007 1859 prima
1023 1802 1128 1858 manu,
1144 1784 1226 1858 etna

141 1867 179 1942 dri
193 1863 381 1942 πρόφασιν.“
402 1866 482 1943 quod
501 1875 641 1942 quantum
657 1872 788 1942 praestet
800 1865 935 1940 vulgatae
952 1860 1132 1943 scripiurae,
1152 1867 1226 1944 quid
1267 1943 1270 1947 ⁴

140 1952 246 2008 attinet
260 1949 395 2007 moneril
422 1949 633 2006 Valckenarius
657 1948 694 2004 ad
714 1948 845 2022 Euripid.
862 1950 984 2026 Hippol.
1005 1955 1076 2014 948.
1101 1971 1131 2028 p-
1151 1954 1223 2017 285.

140 2034 187 2093 cd.
211 2032 309 2090 vinda
341 2032 547 2109 „Indignantis
563 2031 687 2089 inservit
703 2025 816 2090 ironiae
834 2033 983 2094 veteribus
1004 2034 1225 2095 usitatissimum

139 2117 215 2176 illud
231 2113 278 2194 δή.
288 2118 307 2148 “
322 2135 478 2174 acmaaran.
925 2130 929 2136 ’

204 2218 238 2277 Ρ.
262 2219 332 2280 192.
354 2236 383 2276 v.
407 2221 436 2281 6.
459 2213 590 2294 incisos]
606 2215 724 2278 ἐκείνου
739 2216 1115 2310 σοποοιοσῑοοιίοςίοηαο.
1128 2212 1224 2281 amat.
1330 2204 1345 2250 ¹⁶

203 2318 236 2377 P.
261 2322 330 2380 192.
354 2332 388 2374 v:
406 2322 435 2382 6.
458 2316 623 2394 ποιοῖσθε]
647 2323 782 2378 ποιεῖσθε
805 2317 898 2375 Paris.
916 2319 1052 2395 quintus,
1068 2320 1143 2396 Aug.
1160 2322 1225 2399 pri·
1254 2394 1257 2400 Ι
1343 2326 1355 2349 ’

138 2422 215 2462 mus.
237 2401 325 2459 Forte
338 2402 499 2458 voluerunt
514 2409 566 2460 aut
582 2405 712 2477 ποιῆσθε
727 2409 780 2458 aut
793 2399 943 2465 ἔποιεῖσθε
958 2398 1036 2462 dure.
1050 2401 1145 2464 aaran.
1159 2406 1225 2465 Ηοσ

137 2506 226 2548 nemo
240 2486 352 2541 credet.
369 2504 526 2542 scuarrnn.
1212 2488 1217 2498 '

193 2587 235 2684 (KP.
262 2586 332 2647 192.
356 2601 384 2639 ν.
407 2588 436 2646 7.
458 2577 528 2653 τούς
546 2566 733 2660 ὗπᾶρχονεαρ
752 2578 899 2662 ἓχθροθς]
923 2575 1105 2667 θπᾶρχοντες
1122 2587 1226 2668 ἐχθροὶ

142 2675 171 2727 et
187 2671 399 2745 ομσλογοῦνεες
416 2664 520 2744 ἐχθροὶ
534 2676 603 2724 sunt
618 2660 698 2723 lraud
712 2666 794 2724 dubii
806 2662 920 2728 hostes:
943 2664 1069 2747 quorum
1082 2671 1149 2730 odia
1162 2692 1225 2734 non

140 2749 350 2830 provocanda,
373 2748 425 2807 sed
440 2747 619 2808 vindicanda
633 2759 710 2808 sunt.
725 2760 826 2809 wear:

203 2852 237 2909 Ρ.
263 2854 333 2914 192.
354 2868 383 2907 v.
405 2855 436 2914 8.
459 2845 528 2930 ἰσὶν]
543 2844 581 2910 ab
596 2852 687 2909 Paris.
702 2853 826 2930 primus.
840 2869 937 2911 estex.
1211 2918 1213 2926 ,

203 2951 236 3010 Ρ.
263 2955 331 3013 192.
353 2968 384 3009 ν.
406 2954 435 3014 8.
457 2942 572 3012 sidensis
587 2950 738 3035 ἐπιχειρῇ]
759 2953 891 3012 Invertit.
904 2954 979 3031 Aug.
992 2955 1113 3033 primus.
1129 2975 1224 3017 aman.

203 3051 236 3111 Ρ.
261 3055 332 3114 192.
353 3069 384 3108 v·
407 3055 438 3116 8.
461 3051 509 3112 sal
526 3045 583 3114 oria
598 3049 654 3132 ἐγῶ
669 3050 721 3132 μὲν
737 3078 763 3115 π.
776 3054 848 3131 ab]
862 3052 895 3110 ld
912 3063 969 3111 eat:
990 3056 1055 3113 Non
1071 3064 1123 3130 ego
1136 3046 1224 3116 modo
1258 3088 1261 3093 ·
1370 3063 1375 3074 ’

139 3133 215 3193 baec
236 3134 312 3207 dixi,
335 3133 388 3193 scd
407 3135 493 3193 robis
512 3145 540 3193 et
554 3137 666 3213 placuit
687 3148 718 3195 et
735 3138 859 3216 probata
876 3157 938 3194 maa
954 3138 1010 3208 fuit
1032 3141 1225 3201 oratio.·vel:
1321 3170 1327 3187 ·

141 3218 398 3290 Quemadmodum
415 3216 489 3279 baec
504 3240 556 3296 ego
575 3220 719 3292 dixi,'sic
733 3234 787 3280 tros
802 3220 959 3299 probastis.
974 3241 1072 3282 wunr.
1101 3222 1226 3284 Schema
1304 3264 1308 3273 ·

139 3302 283 3361 orationis
296 3301 416 3360 Oratori
431 3302 460 3360 in
477 3304 577 3381 primis
589 3304 740 3366 dilectum.
765 3305 1030 3364 celebratissimum
1044 3307 1107 3366 eius
1125 3329 1225 3368 exem·

138 3387 222 3463 plum
239 3397 283 3444 est
295 3406 325 3463 p.
340 3392 417 3460 288,
440 3392 470 3451 8.
488 3407 644 3445 scnaarsn.
1081 3385 1085 3394 '

202 3486 235 3543 Ρ.
261 3489 329 3548 192.
351 3506 379 3544 v.
402 3492 431 3551 8.
453 3494 543 3550 ταῦτα
562 3484 665 3564 εἷπον]
680 3484 766 3551 εἷπον
782 3467 875 3552 ταῦθ’
895 3490 968 3566 Aug.
989 3493 1112 3570 primus.
1127 3512 1223 3553 πονοι.

139 3562 225 3631 εἶπον
240 3573 330 3628 ταῦτα
343 3569 468 3628 Bekker.
490 3573 624 3630 Praestat
638 3565 686 3629 liic
703 3572 785 3631 ordo.
808 3574 843 3632 V.
859 3596 890 3653 p.
907 3581 982 3647 288,
999 3583 1028 3642 8.
1046 3596 1203 3637 souasran.

201 3668 233 3728 P.
257 3671 327 3731 192.
350 3687 378 3726 v.
402 3675 450 3732 11.
473 3660 657 3749 α’κὸλουθος]
679 3665 847 3746 ἀκόλουθος
863 3676 1078 3734 substantivum
1097 3696 1225 3754 puerum

137 3750 348 3830 pedissequum
371 3751 530 3828 significat:
558 3753 719 3829 θεράπων,
751 3777 871 3832 servus,
904 3761 955 3837 qui
977 3761 1087 3817 domini
1113 3780 1223 3840 corpus
1273 3755 1277 3762 ⁵

139 3844 248 3893 tuetur.
270 3830 443 3907 ἀκόλουθος
465 3838 644 3897 adiec'tivum
668 3835 791 3916 ὅμοιον,
821 3843 961 3918 similem,
986 3852 1222 3906 consentancum.
1255 3915 1257 3919 ¹

138 3911 368 3996 οἷπολοοθῆσαι,
393 3914 504 3999 ὁμοίως
523 3920 760 4000 διαπράξασθαι,
780 3946 842 3984 rem
866 3927 1081 3985 eodemmodo
1108 3947 1222 4002 gerere:
1252 3984 1255 3989 .

64 4079 67 4087 ἱ
138 4000 280 4077 ἕπεσθαι,
302 4005 400 4081 sequi:
423 4004 588 4082 ἐνέχεσθαι,
611 4007 640 4064 in
656 4007 752 4084 aliqua
769 4030 801 4070 re
819 4013 962 4068 contineri
985 4021 1013 4068 et
1025 4012 1129 4069 inesse.
1150 4005 1223 4074 σ’κό·

137 4089 254 4147 λοοθον
274 4080 420 4166 cintilani
443 4089 522 4159 siloc
540 4097 604 4162 ταῖς
624 4094 781 4170 προτέραις
804 4094 980 4171 ἐνεργείαις,
1009 4105 1222 4157 consentaneus

137 4168 196 4227 suit
218 4169 312 4228 exitus
334 4171 486 4248 prioribus
504 4176 677 4235 actionibus.
701 4187 731 4238 et
752 4176 912 4255 Polybius:
945 4177 1139 4260 βουλόμενος*
1152 4173 1224 4243 οἶκό-

136 4257 253 4321 taneos
267 4249 344 4318 alvos
366 4261 429 4330 τοῖς
448 4257 545 4342 ἔργοις
564 4258 618 4341 τὴν
637 4258 688 4325 dui
708 4272 771 4334 ιιὸν
795 4254 903 4344 λόγον.
916 4263 1102 4349 ἐπαγγελίαν,
1123 4273 1224 4326 utres
