2768 4724
400 181 913 293 snonnosrnnnnn.
1140 164 1206 300 ‘ss

74 404 79 423 ¹
105 402 260 479 segniores
275 399 315 458 ad
335 399 469 458 laborem
485 397 595 473 reddit,
618 417 654 457 ea
671 396 746 457 mihi
757 396 860 476 ingens
879 400 979 460 calcor
995 400 1122 479 addidit,
1142 423 1206 465 ms·
1260 444 1264 455 ·

106 507 214 579 tuenti,
236 523 275 563 ne
289 511 430 581 coeptum
446 512 523 579 opus
545 501 577 558 iu
589 498 687 559 medio
705 501 803 560 veluti
822 520 911 561 cursu
930 503 1090 564 immatura
1107 516 1205 567 morse

110 609 351 686 abrumperetur.
395 603 508 662 Deinde
522 602 650 661 verebar
665 598 737 682 (non
758 602 881 678 ignarus
900 605 954 663 fati
974 609 1042 682 mei,
1064 627 1112 666 me
1131 610 1207 668 nus-

106 729 199 788 quam
219 710 282 767 fere
297 705 410 764 diutius
423 704 583 763 consistere
594 703 759 784 patientis),
770 723 807 761 ne
820 703 895 764 mihi
908 706 966 764 alio
981 708 1160 787 abeundum,
1173 720 1207 770 et

103 820 174 869 tote
200 809 278 880 ratio
300 807 469 867 studiorum
498 803 543 885 (id
563 804 645 882 quod
667 806 698 863 in
723 805 1015 883 peregrinationibus
1036 813 1137 872 multis
1165 813 1204 876 de
1247 806 1252 813 ’

104 912 208 971 causis
233 907 372 967 accidere
389 907 481 984 solet)
501 906 706 984 perturbanda
726 926 763 963 ac
784 890 972 967 immutanda
991 922 1078 972 esset
1120 915 1204 978 llaec

100 1016 201 1092 igitur·
220 1010 430 1071 incredibilem
451 1008 589 1067 ardorem
612 1007 711 1086 primo
734 1027 856 1086 quoque
877 1019 1013 1090 tempore
1030 1018 1206 1076 conversib-

103 1116 155 1176 nis
171 1112 371 1173 absolvendae
389 1111 421 1169 in
441 1110 540 1168 animo
556 1130 623 1167 meo
637 1112 814 1169 excitarunt.
856 1110 962 1189 ltaque
975 1132 1073 1191 neque
1088 1122 1205 1194 noctes,

102 1236 206 1295 neque
229 1214 294 1273 dies
315 1212 487 1291 conquievi,
505 1211 672 1290 repudiatis
689 1212 820 1271 omnium
834 1212 1026 1291 voluptatum
1041 1214 1204 1295 illecebris,

100 1315 291 1398 propulsatis
304 1315 396 1374 variis
409 1311 647 1387 difficultatibus,
661 1323 818 1391 sntequam
831 1314 869 1372 ud
884 1323 1019 1392 optatum
1031 1314 1120 1375 linem
1132 1338 1204 1380 coe·

57 1495 63 1504 .
99 1419 153 1500 pti
166 1418 268 1497 operis
291 1415 502 1495 pervenissem.
546 1413 636 1487 Quod
663 1433 755 1492 quum
778 1436 795 1472 u
818 1415 966 1474 studiosis.
978 1425 1008 1474 et
1028 1416 1203 1499 bibliopolis

101 1521 305 1580 vehomenter
320 1515 454 1593 vflagitari
469 1514 683 1592 cognovissem,
707 1534 766 1572 non
794 1516 986 1575 differendam
1008 1517 1122 1580 diutins
1138 1524 1205 1584 edi-
1296 1562 1305 1571 .

100 1626 219 1682 tionem
235 1619 423 1680 essecensui.
468 1616 549 1689 Quid
563 1618 642 1674 enim
651 1625 735 1675 vetat
749 1615 920 1677 bominibus
933 1618 1051 1677 iuterim
1064 1630 1094 1679 et
1107 1622 1205 1701 prod-

102 1729 189 1799 esse,
210 1734 251 1783 et'
263 1719 445 1801 grstificarii
467 1719 543 1777 Nam
558 1719 585 1776 ai
600 1719 665 1778 vita
688 1718 762 1778 mibi
778 1719 962 1797 benignitate
980 1721 1110 1780 numinis
1131 1744 1205 1785 con-

104 1824 212 1901 tigerit
222 1822 385 1902 aliquando
397 1820 589 1911 tranquillior
604 1818 654 1900 (de
667 1840 727 1899 quo
745 1842 807 1881 non
820 1820 963 1903 despero)
974 1842 1011 1881 oc
1022 1822 1206 1904 diutuntior,

103 1944 204 2004 quam*
223 1924 363 2002 polliceri
385 1920 458 1981 mihi
478 1942 534 2000 per
560 1921 764 1985 valetudinem
788 1921 842 1981 vix
864 1923 976 1999 audeo,
1008 1931 1205 2006 compererit

103 2025 286 2086 emendandi
301 2035 331 2084 et
355 2024 518 2085 exornandi
529 2026 633 2083 locus:
653 2024 687 2083 id
701 2025 796 2104 quod,
816 2034 852 2082 ut
866 2045 883 2082 a
902 2025 1081 2104 quibusdam
1095 2051 1204 2111 repre-

102 2128 233 2187 hensum
247 2137 300 2202 est,
315 2127 449 2186 censoria
464 2128 553 2206 plane
567 2127 735 2201 severitate,
757 2126 904 2205 quicquid
919 2129 1056 2188 omnihus
1069 2132 1131 2191 suis
1145 2153 1205 2194 nu-

100 2230 196 2290 meris
210 2230 383 2288 absolutum
395 2248 458 2286 non
477 2229 525 2302 sit,
548 2229 642 2287 veluti
653 2229 721 2288 loco
736 2226 926 2286 monentibus
949 2237 1040 2307 atque
1064 2233 1097 2291 in
1118 2234 1204 2293 ordi-

100 2352 175 2391 nem
195 2331 386 2408 cogentibus,
407 2331 452 2390 sic
473 2350 490 2387 a
511 2329 691 2388 doctissimis
711 2330 882 2409 quibusque
898 2339 964 2390 tum
983 2314 1103 2391 noemae
1120 2343 1205 2396 aeta·-

101 2433 156 2509 tis‚
177 2443 243 2492 tum
263 2432 375 2492 veteris
396 2414 556 2491 memoriae
576 2430 660 2505 viris,
682 2439 734 2490 aut
755 2450 823 2493 cum
845 2433 942 2509 laude,
954 2442 1018 2492 -aut
1037 2444 1119 2495 certe
1140 2456 1205 2498 non

105 2535 173 2593 sine
197 2535 303 2608 venia,
331 2553 448 2611 semper
475 2542 522 2591 est
547 2538 734 2612 usurpetuml
777 2535 851 2594 Nam
871 2536 1026 2615 praeclare
1045 2548 1205 2617 poetarum
1239 2601 1246 2613 ,

105 2636 347 2714 sapientissimus
362 2633 531 2713 Euripides,
554 2637 589 2698 si
608 2630 745 2715 desistes!
756 2660 832 2713 nee,
852 2638 960 2716 inquit,
983 2641 1206 2720 φροντίόιςσο-

102 2730 257 2820 «poisspcsr
293 2747 325 2796 et
344 2736 494 2795 interdum
519 2755 623 2814 graves
647 2740 805 2818 iustaeque
830 2757 937 2799 causae
957 2749 1044 2816 sunt,
1074 2732 1204 2822 propter

63 2905 68 2909 ,
103 2859 194 2920 quas,
221 2860 282 2897 non
301 2837 423 2918 quidem
443 2840 705 2918 praecipitandae,
734 2842 787 2899 sed
809 2839 1005 2898 maturandae
1029 2850 1127 2898 tumen
1145 2843 1206 2903 sint

47 2989 50 2993 .
102 2941 263 3002 editiones.
304 2942 408 3019 Neque
419 2949 519 2999 tamen
533 2939 592 2998 hoc
608 2940 652 2997 sic
670 2941 768 3019 accipi
788 2940 889 3014 velim,
906 2940 998 3018 quasi
1018 2958 1065 2996 me
1078 2948 1206 2998 senten—

101 3043 162 3102 tias
176 3043 249 3101 sliss
262 3040 426 3103 allaturum
440 3061 505 3101 esse
520 3052 634 3121 putem,
658 3040 740 3123 (dedi
758 3042 836 3102 enim
853 3060 985 3120 operum,
1007 3049 1044 3123 ιιι
1063 3060 1101 3100 ne
1117 3041 1151 3101 in
1167 3061 1206 3103 eu

102 3166 141 3207 re
161 3145 320 3205 socordiae
337 3143 519 3224 accusarer,)
536 3146 590 3204 sed
609 3145 691 3224 quod
707 3165 799 3223 genus
812 3144 965 3217 orationis,
989 3142 1026 3202 de
1038 3162 1098 3220 quo
1111 3141 1205 3202 rebus

103 3248 181 3327 ipsis
198 3247 333 3307 intentus
356 3247 471 3306 enimus
489 3265 550 3304 non
566 3247 692 3325 perinde
704 3247 832 3320 laborat,
854 3244 954 3305 limari
968 3244 1092 3302 multis
1083 3264 1113 3302 ιη
1127 3245 1205 3305 locis

106 3359 139 3408 et
161 3349 374 3437 splendescere
396 3369 470 3407 cura
492 3357 521 3407 et
535 3328 688 3426 diligentia
702 3349 823 3430 poterit.
866 3346 916 3403 Sic
940 3364 1036 3424 neque
1057 3345 1207 3405 iacturam
1240 3402 1242 3407 ,

103 3451 201 3509 ullam
227 3451 347 3524 lacient,
370 3451 423 3528 qui
445 3468 526 3508 nunc
545 3430 654 3528 legent,
676 3449 864 3531 (sententiam
886 3447 964 3506 eninr
986 3445 1206 3525 Demosthenis,

106 3552 246 3631 quoad
220 3573 285 3612 esus
297 3575 315 3611 a
329 3572 377 3610 nse
391 3551 458 3611 fieri
475 3551 586 3630 potuit,
609 3572 777 3628 germanam
794 3545 972 3629 hubebunt,)
987 3557 1018 3607 et
1038 3551 1088 3627 qui
1103 3561 1206 3629 poste·

102 3656 215 3712 riorem
239 3654 401 3714 editionem
422 3653 556 3726 emerint,
578 3652 611 3711 id
636 3653 784 3712 commodi
802 3651 929 3730 capient,
951 3657 987 3708 ut
1001 3649 1133 3710 dictione
1148 3649 1206 3708 rui-

10 3754 12 3759 ’
103 3775 162 3815 uus
184 3755 312 3816 horrida
331 3755 423 3834 magis
448 3754 647 3814 delectentur.
697 3755 755 3814 llic
775 3755 869 3833 igitur
892 3754 978 3812 labor
992 3771 1085 3826 meus,
1109 3750 1223 3829 qualis<

105 3859 204 3935 qualis
222 3869 278 3933 est,
307 3857 446 3937 equidem
467 3866 557 3935 opto,
585 3865 622 3915 ut
643 3856 786 3950 studiosis
805 3855 974 3915 hominibus
996 3854 1111 3933 prosit,
1140 3850 1206 3913 eivs

104 3959 301 4035 mediocriter
317 3959 426 4034 doctis,
449 3959 512 4018 sire
532 3957 659 4017 rudibus
672 3979 844 4038 graecarum
857 3958 1021 4017 literarum.
1064 3953 1208 4033 Utrisque

103 4080 179 4120 sane
200 4065 368 4124 consultum
391 4061 484 4134 volui,
507 4080 544 4118 ac
566 4060 653 4120 toties
677 4070 707 4120 et
728 4062 787 4139 legi
810 4069 839 4119 et
858 4059 951 4137 relegi
969 4055 1207 4133 Demosthenem,
1292 4046 1298 4057 ⁸

104 4164 196 4222 toties
213 4182 308 4226 mesre
329 4162 556 4224 conversionem
571 4181 640 4221 curn
653 4163 722 4240 ipso
737 4172 841 4222 autore
854 4161 978 4233 contuli,
999 4158 1090 4218 toties
1106 4172 1230 4219 emeu-'

100 4263 183 4340 davi,
205 4265 296 4330 toties
307 4267 339 4329 in
360 4266 495 4347 singulas
505 4283 602 4348 prope
616 4261 770 4345 syllabss'
760 4262 920 4345 inquisivi,
942 4270 979 4324 ut
991 4261 1207 4341 ignoscendum
