2768 4724
413 221 482 290 so
509 167 931 293 uanosrfluursr.
1141 215 1212 310 'ss

107 417 183 458 vero
200 396 239 457 od
256 392 469 462 sententiarum
481 396 639 456 veritatem
660 406 690 457 st
702 415 870 474 gamanam
888 399 1114 480 intelligentiam
1133 405 1204 465 affl.

107 509 171 575 net,
191 498 282 559 fidem
297 507 329 560 st
344 498 521 565 industriam
541 518 638 559 meam
651 518 740 576 spero
762 521 811 561 mc
836 501 971 562 omnihus
990 521 1113 579 graecae
1133 503 1204 565 lati-

108 619 224 679 nseque
237 592 357 677 lin‘gune
377 600 482 679 peritis
497 600 707 687 probaturam.
751 599 844 675 Quod
864 603 891 663 si
911 604 960 664 cui
979 623 1072 683 genus
1091 607 1204 688 oratio·

104 704 153 762 ss
170 701 281 761 meust
297 701 428 763 ‚snmus
444 701 597 761 areatas
618 711 648 761 a
667 701 783 776 anns,
805 703 831 762 s
856 705 967 783 cogitet
983 684 1083 783 versi,
1103 707 1204 787 ipsum

105 802 339 863 Demosthenem
357 802 427 882 plus
445 800 557 875 habere
568 804 689 887 ‘ossium
712 812 926 880 sinemurum,
950 824 1038 883 quam
1053 799 1202 886 sangoinis

104 914 137 963 et
155 902 266 962 carnis.
313 904 354 961 Ut
369 903 462 981 igitur
484 903 536 962 illa
556 902 859 984 (volentesquidem)
881 904 908 965 ei
927 920 988 964 aon
1010 905 1201 987 detraximus,

44 994 47 999 ’
103 1004 148 1062 its
174 1001 251 1062 haec
273 1000 385 1064 'addere
401 1024 464 1065 non
483 1005 575 1064 suerit
597 1005 779 1085 interpretis,
809 1005 864 1066 sed
891 1004 1118 1086 paraphrastae,
1146 1029 1201 1069 suo
1256 1058 1259 1071 .

107 1105 260 1165 arbitratu
281 1103 484 1165 declamantis.
534 1105 637 1165 Cicero
664 1106 816 1187 profecto,
845 1108 871 1166 si
897 1107 926 1168 ei
959 1085 1066 1167 causae
1083 1108 1202 1169 eaedem

105 1207 239 1284 agendae
254 1205 390 1279 fuissent,
411 1208 501 1283 longe
513 1206 618 1285 utique
637 1207 670 1266 in
684 1206 837 1288 plerisque
863 1208 1006 1268 maiorem
1023 1184 1202 1288 apparatum

103 1306 271 1365 verborum
296 1304 498 1380 adhibuisset,
529 1315 659 1384 atquae
683 1328 701 1365 a
725 1318 829 1367 nocuo
852 1319 957 1369 autore
979 1309 1112 1373 indicata
1133 1284 1205 1373 sarit

103 1407 229 1467 brevius
244 1394 279 1466 et⁴
291 1407 450 1482 occultius,
474 1406 602 1467 dicendo
622 1409 806 1468 extendisset
826 1419 858 1469 et
878 1394 1065 1483 illustrasset
1110 1412 1208 1488 Quod

104 1529 143 1567 sn
164 1508 197 1567 in
222 1509 416 1567 conversione
439 1509 607 1567 orationum
620 1508 829 1569 Demosthenis
849 1517 878 1567 et
891 1507 1046 1570 Aeschinis
1068 1513 1147 1575 inter
1167 1537 1199 1574 se

104 1610 400 1670 conuariorumsibi
410 1612 611 1695 permissurus
624 1609 728 1689 suerit,
750 1609 888 1689 equidem
902 1611 1012 1669 nescio.
1041 1613 1100 1670 Sed
1113 1614 1140 1671 si
1150 1635 1199 1674 eas

104 1712 256 1771 orationes
274 1712 449 1784 ¹convertit,
479 1709 551 1790 (qua
576 1709 614 1769 de
638 1731 671 1769 re
694 1711 838 1789 quosdam
860 1720 966 1770 acutos
984 1708 1119 1772 homines
1139 1713 1201 1773 no'n
1295 1701 1307 1709 “

104 1813 227 1872 omnino
254 1811 318 1872 sine
342 1831 431 1870 causa
458 1810 611 1869 dubitare·
629 1808 729 1891 video)
751 1832 816 1870 eam
836 1811 983 1872 rationem
1003 1810 1087 1872 haud
1109 1813 1200 1874 dubie
1229 1794 1232 1801 ¹

101 1922 226 1973 aculus
251 1922 307 1987 est,
335 1931 425 1990 quam
449 1930 481 1970 se
507 1920 642 1970 secutum
664 1932 726 1970 esse
745 1912 916 1992 profitetur.
966 1913 1066 1993 Atque
1086 1915 1199 1976 utinam

105 2024 241 2076 exstaret
256 2014 311 2073 illa
333 2011 505 2071 conversio:
528 2031 613 2090 quae,
636 2014 827 2090 quantumuis
850 2014 965 2090 elegans
983 2014 1091 2088 inerit,
1112 2017 1202 2076 talem

102 2118 197 2176 fuisse
214 2126 315 2176 tamen
327 2132 389 2172 nou
405 2121 491 2191 puto,
513 2121 548 2170 ut
568 2113 732 2173 orationem
747 2134 805 2193 pro
817 2110 927 2174 Milone
941 2115 1039 2192 legere
1050 2132 1111 2176 non
1124 2117 1200 2177 mal·

101 2220 208 2278 lemur.
261 2217 317 2276 Est
334 2215 412 2273 enim
432 2208 781 2294 durissima'provincia,
802 2216 922 2296 pectori
942 2216 1037 2275 alieno
1061 2225 1146 2276 tuum
1165 2240 1199 2278 os
1221 2290 1224 2295 Ι

100 2318 343 2391 accommodare,
366 2336 401 2373 ee
418 2316 481 2373 eius
505 2317 665 2376 sententias
688 2318 748 2378 tuis
773 2317 874 2378 verbis
898 2309 929 2376 et
958 2316 1027 2376 stilo
1049 2319 1199 2396 persequi.

102 2422 195 2494 Quod
215 2421 248 2479 irs
267 2421 334 2498 ipso
352 2426 526 2495 argumento
555 2423 616 2480 cciv
636 2408 809 2481 alavandinis
831 2413 930 2501 λὸγων
956 2417 1133 2495 explicando
1155 2416 1199 2500 (in

100 2542 164 2603 quo
186 2523 286 2583 nescio
308 2540 369 2600 quo
394 2518 495 2578 modo.
508 2517 601 2577 dictio
624 2539 687 2576 esse
711 2518 839 2583 sterilior
861 2516 993 2600 videtin)
1011 2522 1076 2599 ipse
1092 2520 1198 2581 Cicero

99 2645 165 2682 non
182 2621 361 2684 disshnulat:
383 2641 400 2678 a
417 2620 502 2677 cuius
513 2619 629 2679 ratione
637 2619 666 2704 =si
678 2639 743 2678 mea
761 2622 890 2680 multum
906 2620 1070 2696 dissidebit,
1091 2621 1125 2681 id
1141 2625 1198 2683 erit

103 2743 169 2781 non
192 2723 352 2796 voluntati,
382 2722 433 2780 sed
453 2720 650 2780 imbecillitati
669 2741 752 2780 meae
774 2731 805 2780 et
825 2721 1074 2801 occupationibus
1096 2732 1126 2782 et
1152 2725 1197 2784 se-

98 2825 259 2883 stinationi
274 2823 477 2897 tribuendum,
499 2842 553 2901 per
569 2841 659 2899 quarn
672 2822 814 2880 facillime
828 2822 871 2896 fit,
893 2833 929 2880 ut
950 2822 985 2878 ab
1002 2823 1113 2879 autoris
1129 2843 1198 2902 sen7

84 2924 199 2987 tentia
221 2927 335 2983 tametsi
358 2944 419 2984 non
434 2923 571 2994 aberres,
595 2921 628 2979 in
641 2921 756 2999 graecis
770 2930 872 2978 minen
886 2918 987 2977 verbis
1003 2940 1199 2980 annumeran-
1248 2984 1251 2990 Α

100 3026 150 3084 dis
161 3024 281 3085 fidelior
296 3026 346 3101 sis,
368 3044 458 3109 quam
471 3032 618 3103 oporteat,
641 3033 672 3083 et
685 3020 860 3101 imprudens
883 3019 1043 3102 aliquando
1063 3021 1198 3082 tarnim

99 3136 164 3187 tem
185 3137 411 3207 praetervectus
427 3122 654 3185 Demosthenice
670 3123 762 3200 magis
784 3142 874 3202 quam
890 3122 1086 3210 Ciceroniana
1105 3123 1197 3184 dicas.

98 3229 250 3302 Praesfiti
259 3231 448 3311 quodpotui;
463 3240 493 3290 et
498 3231 568 3309 plus
575 3225 747 3303 potuissem,
754 3223 780 3280 si
788 3224 898 3282 iustum
907 3232 1025 3302 tempus
1033 3233 1063 3284 et
1069 3227 1197 3304 sptium

100 3329 206 3391 datum
224 3330 339 3392 fuisset.
382 3333 469 3391 Nunc
491 3339 536 3389 est
562 3347 595 3386 ea
610 3325 812 3385 studiosorum
827 3323 981 3384 hominum
996 3325 1141 3401 conditio,
1162 3337 1198 3388 ut
1267 3342 1270 3347 ’

100 3432 165 3491 sint
192 3433 301 3510 quovis
322 3433 452 3492 cerdone
474 3430 643 3507 miseriores
668 3435 699 3487 et
719 3425 910 3486 abiectiores:
937 3445 1034 3503 nequa
1059 3427 1197 3507 profecto

86 3533 213 3591 'munus
227 3543 315 3609 essct,
337 3534 468 3612 aliquem
478 3532 633 3611 poenitere
647 3539 678 3590 et
696 3527 807 3607 ingenii
830 3536 860 3587 et
878 3526 1044 3586 industriae
1067 3548 1148 3605 suae,
1171 3532 1197 3587 si

99 3637 146 3695 ita
163 3645 367 3715 comparatum
381 3644 434 3709 est,
457 3643 500 3706 ut,
518 3633 569 3716 qui
583 3633 661 3691 same
675 3631 775 3709 perire
789 3627 875 3701 nolit,
892 3627 918 3686 ei
932 3647 1008 3706 pene
1021 3629 1080 3687 sint
1094 3648 1197 3687 ornnes
1246 3629 1249 3634 ’

98 3736 294 3813 indignitates
324 3735 528 3816 perferendas.
579 3732 639 3792 Sed
666 3720 805 3811 querelae
831 3749 893 3788 non
916 3738 985 3787 sunt
1003 3725 1093 3786 huius
1119 3726 1198 3809 loci:¹

98 3856 200 3915 neque
212 3835 287 3897 mihi
302 3857 383 3897 nunc
398 3835 588 3916 propositum
606 3843 652 3892 est
672 3833 788 3892 scilicet
805 3831 956 3890 fortunam
969 3848 1066 3909 meam
1089 3826 1196 3906 deplo-

98 3957 184 3997 rare.
226 3940 263 3998 In
276 3956 312 3999 ec
327 3939 429 4020 potius
451 3947 496 3997 est
516 3934 737 4010 elaborandum,
759 3942 794 3992 ut
814 3931 875 3990 hoc
893 3952 994 3993 meum
1010 3948 1097 4009 opus,
1119 3948 1199 4015 quo-¹

78 4064 83 4073 ·
101 4059 227 4119 cunque
242 4042 304 4102 sire
318 4058 462 4100 successu
476 4039 539 4098 sire
551 4035 708 4115 dispendio
723 4035 900 4109 consectum,
920 4031 1113 4094 excellentiae
1126 4032 1196 4091 tua‘e
1245 4070 1247 4074 -

98 4162 164 4200 non
179 4141 373 4223 improbetur.
418 4140 509 4218 Quod
527 4148 564 4199 ut
578 4138 643 4196 fore
666 4135 821 4212 confidam,
842 4136 936 4196 merlto
955 4133 987 4192 in
1010 4154 1101 4192 causa
1117 4143 1200 4222 sunt,¹

98 4261 137 4303 sc
157 4241 192 4303 in
212 4242 320 4322 primis
344 4241 525 4332 praestantis
545 4237 656 4319 ingenii
679 4237 724 4300 tui
746 4248 776 4298 et
798 4234 987 4384 eruditissnip:
1009 4236 1062 4315 quai
1075 4252 1143 4295 omn
1156 4235 1198 4294 sis
