2768 4724
146 242 212 311 λθ
521 236 893 301 Aunouttlottsss

165 444 184 455 ··
216 412 249 472 P.
270 418 323 481 88.
343 428 373 474 v.
395 418 426 478 2.
447 405 647 493 surripiente]
669 418 865 496 κατηγορεῖτο
881 411 988 471 Aldina
1004 411 1134 493 Tsylori.
1148 433 1242 475 nnsr.

154 496 270 575 Legunt
281 505 471 580 κατηγορεῖτο
488 500 576 558 codd.
595 498 630 561 0.
646 509 675 558 et
690 500 751 572 Ee,
775 497 863 561 codd.
878 498 911 558 L.
927 509 956 558 et
970 498 1009 557 bl
1025 505 1244 579 κατηγορεῖται,

155 580 437 663 uit-merorem.
459 604 567 643 Arsen.
592 579 662 647 ὅτε
681 579 946 667 κατηγορούμενος
963 577 1047 645 καλὸ
1068 577 1187 645 dieitur
1212 582 1246 642 in

155 668 284 754 append.
301 669 482 747 Argumenti‚
505 667 585 748 iluod
599 670 719 729 exedit.
732 671 839 748 Angor.
856 669 931 727 infer
949 668 1027 735 dedi.
1043 688 1202 728 suumne.

224 771 255 829 P.
279 776 329 836 88.
352 791 381 829 v.
404 777 432 838 5.
455 768 779 852 κληροῦχονςὲαυτοῖν]
804 773 839 831 Itl
861 780 923 844 est,
945 763 1248 849 xtnootixovs'ddn·
1362 748 1366 755 Ι

156 855 280 929 ναίους,
301 857 352 914 vel
371 852 575 936 κληρούχους,
604 850 692 931 ὄντας
722 846 1055 932 πολέταςἎθηναέους.
1078 859 1248 932 κληροῦχον
1335 922 1339 927 ,

156 939 262 997 Suidos
285 945 498 1018 interpretetur
520 940 667 1023 γεωργὸν,
695 940 875 1021 agricolam,
905 938 1049 999 colonum.
1090 938 1163 996 Item
1193 938 1248 997 de-

157 1023 252 1083 clarat
276 1025 341 1103 ipse
371 1026 531 1089 Libonius..
560 1026 711 1103 Dicuntur
737 1036 835 1085 sutem
861 1023 944 1103 καροῖ
967 1022 1001 1087 τῦ
1021 1026 1133 1099 κλῆρον
1158 1022 1246 1102 ἔχειν,
1365 1100 1374 1108 ,

155 1092 203 1167 bb
224 1107 361 1169 habendo
394 1104 578 1172 haereditate
611 1115 664 1170 seit
694 1122 791 1188 sorte,
835 1110 917 1188 quod
949 1109 990 1167 eis
1021 1098 1102 1186 upttd
1128 1117 1249 1167 exteros

155 1193 277 1276 praedio
299 1197 536 1273 assignabantur:
563 1198 654 1281 idque
678 1202 785 1257 sortito
806 1198 931 1255 sortasse
961 1195 1073 1253 suctum
1101 1202 1154 1252 est.
1198 1193 1255 1275 In-¹

156 1288 203 1339 tsr
220 1266 407 1360 κληροῦχους
427 1291 456 1341 et
475 1275 622 1355 dtroiteve
642 1281 702 1341 hoc
718 1284 859 1342 interesse
879 1280 1016 1354 videtur,
1048 1277 1129 1356 quod
1149 1276 1181 1336 bi
1198 1277 1250 1336 vei

157 1364 250 1442 pulsis
269 1367 418 1424 veteribus
436 1368 541 1447 incolis
559 1379 669 1427 terram
694 1369 897 1447 occupabunt,
926 1365 973 1424 vel
989 1364 1018 1422 in
1033 1380 1128 1421 vocuo
1144 1365 1249 1422 venie-

62 1467 65 1471 ·
156 1448 238 1519 bunt,
262 1450 332 1507 iilis
348 1453 499 1510 veteribus
509 1454 733 1532 recipiebantur
748 1454 778 1510 in
794 1450 1030 1511 communionem
1044 1468 1143 1526 opum,
1159 1458 1194 1505 ut
1209 1469 1248 1506 ex

157 1536 349 1611 sequentibus
363 1537 478 1597 Libonii
497 1540 597 1597 verbis
622 1549 754 1616 apparet.
777 1538 899 1599 ἔποικον
919 1532 1105 1592 Phuvorinus
1124 1529 1251 1612 inquili-

157 1640 225 1687 num
241 1621 272 1677 in
287 1619 360 1683 urbe.
375 1642 413 1680 ex
426 1622 602 1702 Thucydide
617 1624 841 1703 interpretetur.
885 1620 947 1678 Nos
966 1617 1067 1696 inopie
1088 1617 1251 1676 verborum

157 1703 255 1761 coocti
268 1709 452 1784 κληροῦχον,
474 1709 615 1783 ἔποικον,
636 1701 766 1770 ἄποικον
782 1703 917 1766 colonum
932 1705 1165 1782 interpretemur
1186 1702 1250 1761 sine

158 1784 344 1849 discrimine:
375 1792 431 1849 nisi
451 1795 611 1873 agripetom
625 1791 725 1865 dicere
748 1790 842 1849 libeat
860 1787 912 1851 τὸν
928 1793 1113 1865 κληροῦχον,
1142 1795 1176 1844 ut
1200 1786 1251 1845 Ci-

29 1906 38 1917 ·
158 1890 228 1931 coro
247 1873 385 1933 Neoclern
399 1876 520 1955 Epicuri
540 1887 654 1956 patrem
678 1878 797 1935 Samum
816 1873 931 1934 venisse
952 1874 1112 1952 agripctem
1134 1868 1250 1945 scribit,

120 2030 122 2035 Ι
158 1957 346 2037 etogripetirs
370 1961 479 2019 eiectos
501 1970 592 2040 etque
616 1963 761 2020 concisos.
784 1980 885 2022 wore.
918 1958 1000 2017 Inter
1022 1949 1208 2033 κληρούχους
1220 1965 1251 2013 et:

88 2096 91 2103 .
158 2034 307 2116 ῦποῖκους
326 2045 557 2121 noninteresse,
593 2045 798 2125 quodWoliio
820 2046 918 2103 visum
940 2054 999 2116 est,
1029 2043 1100 2099 sotis
1120 2039 1250 2129 ostendit

158 2123 331 2187 Herodotus
344 2128 380 2189 V.
396 2135 446 2195 77.
470 2131 576 2190 Verius
585 2131 799 2191 Aneed.Bekk.
809 2152 840 2209 p.
852 2134 924 2194 267.
943 2136 1018 2186 extr.
1035 2119 1251 2206 Κληροῦχουςε

160 2204 216 2284 οῦς
237 2212 369 2293 έπεμπον
389 2206 554 2288 Ἀθηναῖοι
576 2216 625 2278 έπλ
640 2211 693 2288 τας
714 2213 832 2290 πόλεις,
854 2209 890 2286 ἃς
911 2209 1097 2292 ἐλάμβανον,
1122 2206 1254 2290 κλήρους

158 2288 296 2370 insistere
318 2299 515 2376 διανέμοντες.
537 2298 664 2364 έκαλεῖτο
685 2298 717 2363 δέ
738 2299 788 2364 καλ
813 2298 977 2381 κληρουχία
997 2288 1017 2376 ti
1048 2290 1177 2374 διανομὴ
1198 2299 1255 2374 τῆς

154 2375 263 2463 itione.
289 2402 446 2445 souuerse.

120 2540 123 2546 ,
223 2466 255 2526 P·
279 2472 329 2533 88·
351 2487 381 2529 V·
405 2473 434 2533 6.
458 2462 635 2550 ἇκτῦμονες]
660 2472 721 2530 sine
737 2464 985 2551 possessionibus,
1017 2488 1076 2524 non
1094 2461 1253 2545 ptuedt'oti,

160 2569 219 2628 quo
235 2552 353 2611 nomine
369 2552 513 2633 Apuleius
537 2557 646 2614 utitur:
669 2555 749 2634 quod
771 2561 893 2632 propter
910 2561 1064 2609 auctorent
1085 2570 1144 2607 non
1164 2569 1254 2626 repu-

159 2633 303 2695 diandum
319 2658 441 2712 censeo,
465 2660 532 2699 cum
549 2639 652 2700 Cicero
670 2636 905 2723 praediatorium
924 2636 969 2693 ius
989 2635 1070 2693 dicat
1083 2632 1256 2693 horridiore

159 2720 247 2780 etiem
260 2722 418 2783 vocabulo.
437 2745 536 2785 wour.

223 2808 256 2866 Ρ.
277 2811 327 2875 88.·
351 2827 379 2867 v.
403 2812 431 2874 7.
455 2807 608 2882 έποῖκους]
632 2803 883 2879 α’ποέκουςΡοτίε.
899 2805 1031 2882 quintus.
1046 2823 1140 2863 nursi.
1176 2803 1256 2862 Dant

160 2880 308 2967 ῦποέκους
320 2893 410 2954 c'odd.
428 2892 484 2956 Dd.
500 2904 529 2954 et
541 2896 591 2953 Ee.
613 2916 721 2953 tuone.
767 2892 932 2966 Utrumque
952 2889 989 2947 de
1007 2889 1113 2945 colono
1136 2888 1256 2945 dicitur.

160 2967 288 3050 ῦποικος
299 2980 430 3037 refertur
446 2979 483 3037 ud
501 2989 625 3053 terram,
648 2999 738 3058 quam
753 2977 819 3055 quis
832 2973 985 3050 relinquit,
1009 2973 1130 3044 ἔποικος
1141 2972 1180 3030 od
1197 2981 1259 3030 ter·

158 3077 240 3138 rem,
264 3083 352 3140 quom
368 3063 452 3140 petit.
475 3082 633 3123 scisceret.

223 3164 256 3223 P·
279 3170 329 3230 88.
352 3184 382 3224 v·
403 3168 433 3229 8.
454 3162 654 3242 πεμπόμενοι]
687 3156 734 3225 ὅτε
756 3158 941 3238 έπὲμποντο,
970 3154 1257 3217 summittebantur.
1355 3224 1360 3231 .

161 3247 221 3308 sid
233 3249 335 3308 malim
350 3247 421 3308 eddi
433 3250 591 3309 articulum
606 3251 638 3311 οῖ
651 3238 858 3327 πεμπόμενοι,
884 3244 936 3325 qni
950 3240 1144 3300 mittebantur.
1160 3261 1257 3300 wour.

225 3351 257 3410 P·
281 3356 331 3418 88·
353 3369 384 3410 v·
410 3357 458 3416 19.
483 3344 722 3428 Χερρέονησῐται]Ι
745 3347 990 3424 Χερρονησιῦται
1010 3341 1102 3399 Puris.
1124 3343 1256 3419 quintus.

163 3453 256 3495 mx·
278 3435 399 3513 Legitur
420 3436 664 3514 Χερρονηοιοῖται
680 3433 713 3503 iu
732 3433 800 3490 cod.
822 3431 873 3488 Ee.
896 3446 1007 3486 tuom.
1032 3425 1066 3486 V.
1087 3436 1150 3484 not.
1172 3427 1212 3485 ed
1227 3448 1259 3504 p.

163 3525 221 3596 68,
244 3525 293 3585 16.
319 3541 476 3580 ecnturrn.

226 3607 260 3668 P·
282 3611 333 3673 88.
355 3625 385 3667 v·
410 3608 458 3672 15.
482 3603 575 3682 iiior]
601 3605 715 3667 οἰκείαν
730 3601 805 3679 dog.
822 3597 979 3658 secundus.
995 3617 1089 3655 nmen.

226 3693 260 3753 P.
283 3697 334 3758 88.
355 3710 385 3751 ν.
411 3697 457 3759 16.
480 3687 629 3768 ἐπολέμει]
649 3689 706 3747 Pro
729 3685 860 3764 ἐπολέμει
873 3693 936 3743 erut
949 3681 1121 3756 ἐπολέμησε,
1144 3688 1259 3737 mutato

165 3779 267 3847 uitem
284 3785 429 3856 tempore.
444 3796 543 3835 orror.
567 3773 729 3851 ἐπολέμησε
751 3773 817 3832 Pur.
841 3769 979 3847 quintus,
1006 3765 1111 3825 Aldina
1129 3764 1260 3839 Toylori,

166 3861 263 3923 codex
284 3861 445 3941 Obeopoei.
468 3880 560 3919 neten.
592 3858 685 3931 Codd,
709 3858 741 3914 L.
767 3852 805 3914 bi.
828 3856 861 3913 U.
885 3847 1273 3927 λ)ιλ.ε11’.ο.ἐπολέμησε.7

166 3947 275 4005 ntroin.
299 3946 459 4025 ἐπολέμησε
472 3945 597 4003 Bckker.
619 3946 719 4002 Recte.
743 3958 899 3998 retinerer.

229 4050 261 4108 P.
285 4055 335 4116 88.
358 4069 386 4108 v.
411 4053 459 4113 17·
481 4047 530 4108 καὶ
547 4041 593 4127 ῦς]
616 4041 649 4118 ὃς
670 4042 719 4103 καὶ
734 4042 799 4100 Pur.
819 4039 950 4117 quintus.
973 4054 1065 4095 nursn.
1088 4032 1205 4092 liabent
1227 4026 1262 4105 ὃς

167 4132 217 4197 καλ
231 4132 319 4194 codd.
333 4134 366 4195 L.
379 4133 419 4193 M.
437 4132 494 4191 Dd.
509 4140 539 4191 et
554 4131 605 4191 Ee.
619 4147 727 4188 nuceo.

207 4227 211 4237 ’
231 4235 263 4294 Ρ·
286 4242 338 4302 89.
360 4257 389 4296 v.
413 4241 443 4300 1.
465 4235 494 4298 εῖ
506 4235 534 4296 τέ
547 4227 657 4311 φασιν]
681 4229 739 4286 Pro
760 4226 790 4288 ri
799 4224 827 4288 τλ
843 4240 936 4301 φασιν
951 4220 983 4279 in
994 4230 1114 4279 vetusto
1131 4217 1261 4276 buiteba-

168 4328 218 4382 tur
238 4320 298 4404 εἶχε
320 4321 423 4399 φασὶν.
446 4338 548 4379 orror.
573 4316 602 4380 εῖ
617 4314 651 4398 γέ
670 4315 700 4377 τέ
722 4329 818 4392 φασιν
842 4302 1260 4390 rppendix·b'ru11cofur·tune.
