2768 4724
66 290 176 365 Μ
500 218 889 322 aanorsrtonss
975 253 979 260 ·

85 407 290 533 &aad
301 423 364 467 '⁰¹¹
375 410 476 489 ”8¹¹5
489 411 567 475 latae
581 417 730 486 minutiae
750 426 911 493 faciendae
928 430 1002 510 slat,
1025 450 1099 512 qaas
1113 430 1138 492 si
1150 452 1258 494 omnes·

98 517 287 601 ⁸‘offigunt
303 501 334 553 el
345 506 487 601 aim⁰m⁰
500 501 683 583 soluissws,
708 513 822 574 multas
843 536 914 576 sano
929 517 1052 596 paginas
1072 518 1254 598 complevis-

108 632 206 683 ω,
225 600 336 682 ousql'·
357 583 466 659 ανδρες
488 585 527 646 ab
541 610 569 650 α.
583 612 606 653 ε.
627 598 661 654 θ.
685 603 717 656 et
739 599 849 660 codico
870 601 1024 680 Obsopooi
1042 602 1141 679 abest,
1164 622 1255 681 quern

117 690 287 764 „dicem
298 666 450 731 mltrdum
462 671 666 770 Pannonicum
684 683 808 762 appello
822 704 892 744 curn
907 685 1079 766 Obsopoeo‚
1091 686 1162 747 item
1176 688 1263 746 llar-¹
1343 674 1349 689 '

122 783 257 846 hiano,
302 754 337 815 In
356 757 510 818 enatandis
527 757 614 822 laisoe
632 764 884 848 minutiisaliqua
907 789 972 829 sum
983 790 1057 831 usus
1066 813 1076 849 ‚
1095 790 1156 829 non
1169 790 1251 829 accr-

132 868 222 929 ἠως
246 860 365 915 tauron,
387 840 538 920 diligentia
560 847 643 906 cirea
663 850 871 931 Augustanum
890 855 1038 934 prunum,
1057 856 1136 913 circa
1156 865 1256 914 caete-

137 966 199 1013 ,03
211 932 312 999 nulla.
354 927 387 987 E.
409 947 435 987 c.
453 947 601 1009 nusquam
622 938 782 1011 annotavi,
801 941 832 996 in
851 940 1023 1016 Augustano
1050 939 1156 1019 quinto
1176 960 1257 999 aent-

142 1049 209 1114 Ρη
222 1017 286 1095 legi
303 1003 503 1092 (ἶἈθηναῐοι
525 1017 589 1076 sine
605 1015 726 1102 ἄνδρες.
769 1021 884 1080 Inutilis
906 1031 936 1081 et
953 1023 1089 1099 molesta¹
1100 1033 1129 1082 et
1148 1023 1255 1103 putida

150 1124 201 1176 ut
214 1097 386 1183 diligentia,
409 1119 484 1188 (puae
509 1101 730 1165 inhuiusmodi
749 1107 835 1184 nugis
856 1115 1002 1187 ponatur,
1032 1107 1138 1165 melina
1153 1108 1256 1166 adres

153 1190 283 1259 maioris
294 1184 638 1258 momenticoblerenda.
653 1210 751 1252 nassa.
794 1190 853 1265 At,
871 1212 889 1250 o
906 1191 1003 1267 boni„
1018 1189 1127 1250 situlis
1148 1210 1257 1270 supen-

157 1281 265 1341 'eilioso
286 1271 523 1359 contemnimus.
541 1274 616 1354 quid
631 1272 871 1337 detotaCn'tica
885 1275 960 1334 fiet?
989 1276 1053 1335 Sint
1067 1295 1174 1353 nugae:
1194 1296 1256 1334 non
1289 1337 1297 1361 Ι
1340 1314 1344 1325 ·

158 1378 311 1442 repugno:
332 1355 386 1420 scd
398 1355 455 1415 hae
467 1364 578 1436 nugas,
602 1357 627 1419 si
640 1361 707 1442 quis
720 1361 756 1424 iis
773 1359 879 1422 callido
893 1368 1019 1437 utatur,
1034 1358 1117 1419 haud
1134 1380 1204 1419 raro
1218 1360 1257 1419 ad
1333 1368 1336 1377 '

162 1446 241 1511 seria
256 1441 381 1501 ducunt.
395 1460 553 1501 sonaasnn.
664 1454 671 1471 '
1125 1478 1127 1482 .

227 1529 259 1588 Ρ.
281 1531 311 1591 9.
335 1545 365 1584 v.
386 1531 417 1592 4.
438 1527 509 1608 περὶ
522 1515 582 1608 aiv]
604 1527 637 1588 id
652 1522 894 1603 esttvsodsosc,
916 1525 982 1606 περὶ
998 1513 1049 1590 aiv.
1073 1546 1170 1591 naras.
1206 1529 1257 1586 Sic

164 1612 256 1674 otiam
274 1609 383 1698 Anger.
408 1611 516 1673 Parum
537 1623 636 1673 recte:
658 1622 702 1673 est
726 1612 839 1673 enimi.
856 1632 885 1691 q.
913 1610 984 1695 περὶ
1001 1607 1133 1690 τούτων,
1152 1607 1174 1675 il
1190 1635 1216 1675 ν.
1230 1631 1257 1676 a.

166 1714 325 1759 acuam.
853 1714 855 1719 ·

229 1781 262 1840 Ρ.
284 1784 314 1846 9.
335 1799 365 1841 v.
385 1780 415 1861 4.
438 1767 741 1859 donantnouant]
763 1779 813 1838 Sic
827 1778 971 1839 Parisino.
990 1779 1087 1838 Semel
1108 1768 1286 1855 monuisset·

166 1863 312 1939 sufficiat,
331 1883 379 1922 are
400 1863 498 1943 primo
523 1866 592 1926 loco
614 1864 763 1924 Parisinus
789 1863 926 1923 editionis
947 1864 1105 1922 lectionem
1133 1860 1258 1942 ponere,

167 1957 232 2009 tum
248 1949 407 2009 varietates
429 1938 555 2009 aliorum
572 1948 727 2009 librosum.
749 1936 793 2011 oio
807 1951 895 2008 etiarn
910 1949 940 2007 in
953 1956 1035 2008 tanto
1050 1946 1186 2009 bavaric'i
1202 1950 1261 2023 est,¹
1310 1953 1313 1959 '

167 2030 220 2091 sed
243 2032 480 2113 superscriptum
501 2043 546 2093 est
565 2024 611 2097 od.
654 2033 689 2092 In
709 2032 801 2092 Paria.
827 2050 907 2091 nono
930 2042 960 2092 et
981 2028 1140 2090 llarleiano
1157 2040 1202 2089 est
1216 2019 1260 2093 oia

71 2176 74 2185 ,
166 2109 251 2196 ripeta
268 2116 337 2179 νυνὶ
358 2135 403 2183 on.
445 2116 481 2181 In
500 2116 667 2203 appendice
677 2114 916 2179 Francofurtaaa
941 2114 1028 2179 etiarn
1047 2104 1085 2195 od
1102 2125 1149 2176 est
1166 2134 1261 2176 aano-
1356 2164 1359 2171 .

166 2208 383 2262 tatum.na1sn.
993 2230 996 2237 ·
1257 2194 1261 2207 ”

228 2285 263 2348 Ρ.
285 2289 314 2353 9.
336 2305 366 2346 v.
383 2289 417 2351 4.
439 2280 488 2351 dra
501 2318 545 2337 ⁷«-
556 2278 694 2364 oisoaiesv]
718 2283 764 2344 Ad
782 2282 930 2362 parisosin
948 2281 1092 2360 exomplis
1108 2283 1262 2342 illustran-

169 2366 252 2445 dam,
283 2389 361 2449 quae
384 2371 443 2431 suit
468 2371 624 2452 περιεργία
641 2370 764 2431 illorum
779 2367 1017 2442 Tecbuioorum,
1038 2368 1262 2429 oitatTiberius

169 2472 200 2534 p.
219 2455 271 2518 52.
289 2453 343 2516 ubi
355 2473 385 2518 v.
397 2455 533 2528 Boisson.
552 2472 709 2518 cursuras.
915 2506 921 2518 ,
1163 2500 1167 2508 .
1259 2454 1263 2465 '

46 2539 51 2552 ⁶
138 2568 171 2604 ,·
231 2538 264 2599 Ρ.
288 2540 317 2601 9.
340 2557 371 2596 V·
393 2541 423 2606 5·
447 2532 702 2620 odydop'dvovn.
718 2535 801 2614 nb]
832 2533 1120 2595 Citatbunclocum
1134 2534 1262 2596 Hormo-

170 2640 258 2698 gones
274 2619 311 2680 do
325 2620 404 2682 ldeis
420 2643 451 2702 p.
467 2628 541 2698 287,
558 2629 585 2687 1.
602 2631 631 2681 et
650 2643 707 2703 pro
723 2617 793 2703 ἥκει
813 2618 868 2682 dat
885 2615 957 2700 ἥκοι
970 2620 1002 2679 iu
1023 2621 1167 2701 optativo.
1190 2620 1264 2680 Edi-

170 2703 280 2771 tionorn
296 2705 424 2786 Crispini
435 2708 507 2767 cito.
527 2727 622 2766 aaran.
1287 2740 1290 2747 ·
1337 2700 1339 2705 ’

233 2791 267 2851 Ρ.
289 2793 320 2855 9.
347 2810 379 2850 v.
402 2795 432 2857 6.
453 2785 536 2872 ἥκει]
566 2789 704 2850 Dubitari
724 2796 842 2869 potest,
866 2806 905 2846 an
931 2786 1091 2865 legendum
1119 2787 1159 2846 sit
1181 2780 1264 2867 ἥκοι,

171 2895 227 2956 per
249 2897 301 2948 os,
332 2883 384 2934 aut
404 2870 481 2958 ἥκῃ,
506 2896 561 2956 per
577 2899 606 2960 p.
658 2875 846 2954 Quamquam
872 2870 950 2933 enirn
974 2892 1078 2957 saepe.
1093 2870 1264 2931 indicativis

171 2968 298 3017 utuntur
319 2959 425 3017 Graeci
453 2959 712 3021 subiunctivorunr
730 2958 815 3034 loco,
842 2964 894 3014 aut
922 2956 1140 3034 optativorum,
1165 2974 1198 3014 ca
1216 2966 1265 3015 ree

171 3050 344 3100 tamennon
360 3063 429 3102 raro
442 3043 573 3103 librariis
592 3048 714 3122 accepta
728 3039 832 3099 referri
846 3047 953 3116 potest.
998 3039 1080 3110 Quid
1098 3041 1176 3097 enirn
1192 3040 1265 3097 faci-

122 3160 125 3173 ·
172 3125 245 3198 lius,
272 3123 411 3205 (indoctis
424 3127 614 3205 praesertim,
629 3135 679 3187 aut
694 3144 799 3203 parum
813 3124 932 3181 attentis
952 3130 1040 3199 atquo
1051 3122 1265 3204 petulantibus)

173 3228 263 3287 quarn
277 3209 408 3285 vocales,
417 3209 629 3291 diphthongos,
638 3216 786 3283 accentus,
798 3207 1003 3266 distinctiones
1016 3206 1095 3266 inter
1109 3229 1140 3266 so
1154 3209 1269 3286 pc1·mi·'

173 3312 267 3367 scere,
278 3312 457 3373 crucemque
472 3294 561 3372 figere
577 3299 627 3374 (ut
636 3292 774 3371 Virgilius
788 3292 889 3351 dicero
901 3287 1027 3371 solebat)
1041 3286 1268 3367 grammaticis?

64 3369 71 3378 ¹
174 3395 272 3437 want.
294 3401 342 3459 γρ.
362 3373 435 3456 ἥκοι
449 3380 541 3439 Paris.
555 3383 585 3444 9.
606 3396 703 3439 nnrsn.
744 3375 876 3434 Praetuli
897 3370 986 3453 ἥκοι,
1016 3374 1099 3453 quod
1126 3374 1177 3434 dat
1190 3376 1268 3434 Her·

175 3480 321 3537 mogcnes.
341 3462 413 3523 Cod.
433 3464 469 3524 bl.
487 3457 658 3540 hebertum
680 3461 825 3541 scriptum
845 3477 936 3538 supra
949 3451 1022 3537 ἥκει.
1044 3479 1156 3518 soona.
1200 3460 1267 3519 Non

175 3543 278 3604 debuit
296 3546 458 3624 praeferre.
500 3539 712 3606 llomostbeues
731 3554 766 3604 ut
780 3543 817 3603 de
836 3563 870 3602 ro
887 3552 968 3601 cena
983 3542 1120 3619 loquitur
1134 3542 1211 3602 haec
1223 3543 1268 3602 dt

176 3649 253 3694 cenn
274 3632 303 3692 εἴ
315 3654 397 3692 as-
408 3627 474 3710 ἥκει
493 3644 553 3705 τις·
575 3651 644 3693 narn
658 3651 689 3689 so
705 3629 806 3706 ipsura
819 3626 968 3703 intelligit.
1004 3626 1141 3687 Conditio
1158 3636 1266 3697 autern,

175 3714 214 3775 ad
228 3733 317 3794 quam
330 3716 460 3779 refertur
478 3709 518 3779 aiv
532 3707 663 3795 λάβοιτε,
678 3715 751 3775 latet
764 3712 796 3775 in
808 3711 967 3790 participio
978 3705 1172 3784 duodenario,
1186 3710 1268 3787 quod

176 3806 222 3861 eat
260 3798 369 3863 ositum
380 3818 437 3879 pro
454 3800 481 3862 εἰ
491 3791 659 3861 duodenne.
677 3798 712 3855 V.
730 3796 828 3856 blclct.
844 3795 915 3852 erit.
933 3815 962 3875 p.
977 3796 1028 3859 57.
1044 3812 1203 3855 eumuna.

238 3819 270 3946 ll.
294 3887 323 3947 9.
346 3904 376 3944 v.
396 3889 425 3949 6.
447 3875 530 3946 τοῦτ’
543 3876 602 3961 siv]
628 3878 960 3948 consonandum.

239 3967 271 4028 Ρ.
294 3967 323 4032 9.
352 3987 382 4028 v.
403 3973 433 4034 7.
464 3960 538 4029 snt
558 3965 609 4034 sat
632 4003 668 4013 -
686 3963 800 4044 εἰπεῖν]
831 3964 968 4023 (litantur
988 3963 1021 4022 in
1040 3959 1151 4021 Anecd.
1172 3961 1268 4020 Bekk.

177 4071 208 4133 p.
228 4055 298 4128 127,
315 4057 365 4115 22.
386 4070 544 4111 corrueras.
830 4086 836 4105 .
1012 4044 1017 4055 '
1123 4088 1125 4097 .

237 4134 269 4193 P.
294 4140 323 4197 9.
346 4141 422 4202 Μ.
444 4130 598 4216 ὑμετέρας]
615 4129 759 4213 ἡμετέρας
773 4155 803 4214 η.
818 4129 895 4208 aug.
908 4129 1065 4189 secundus.
1078 4147 1176 4189 aaran.
1197 4130 1270 4187 Par-

61 4276 67 4285 ,
178 4214 308 4275 difficilia
323 4228 352 4278 et
365 4240 474 4302 anceps
486 4220 519 4278 in
531 4220 641 4278 talibus
656 4217 776 4276 electio:
798 4215 851 4273 sed
866 4216 961 4273 fatcor·
978 4213 1101 4272 melruc
1114 4213 1269 4285 inclinare,

179 4297 465 4440 ”Qflitsst
480 4303 510 4365 b.
525 4304 547 4369 l.
560 4302 735 4385 praeferam.
777 4298 892 4388 Passim
910 4296 1056 4377 gloriator
1068 4298 1180 4359 Orator
1190 4297 1270 4356 bona
