2768 4724
410 170 479 265 su
501 190 934 263 nenosrurrrn.
1161 200 1211 263 ‚n

110 370 245 431 maxime
262 369 415 448 logitimus
434 367 493 442 eit,
522 367 711 445 munireque
732 367 797 446 ipse
817 365 963 445 indigeat„
979 363 1018 425 ad
1035 363 1117 425 vitae
1135 382 1210 425 uem

109 459 285 552 impendere
299 470 377 546 vult,
397 469 424 530 is
437 490 558 531 nummo
573 467 720 542 abutitur,
741 466 958 548 utilitatemque
972 468 1044 542 eius,
1067 466 1105 526 ob
1120 485 1210 546 quum

114 575 233 650 signum
243 572 289 633 illi
300 572 430 633 inditum
444 580 499 648 est,
519 569 633 633 nullam
646 568 787 648 percipit.
829 572 870 628 At
882 570 968 630 nobis
981 571 1024 630 ita
1037 568 1209 630 laciendum

111 695 176 734 uon
192 684 256 750 est,
278 672 332 734 sed
350 672 430 732 siout
449 672 512 752 qui·
524 672 576 731 vel
597 670 765 731 necessarie
786 669 837 729 vel
865 669 990 748 divitias
1008 671 1064 730 sibi
1087 648 1210 750 compe-

108 795 182 836 rare
199 756 289 851 vult,
316 794 420 841 omnes
441 773 493 834 vel
513 791 603 852 quem
622 770 749 853 pessime
774 770 904 849 signatos
931 791 1086 848 nummos,
1114 772 1206 833 modo

108 876 186 936 boni
206 870 275 951 sibl,
304 896 366 936 non
384 884 507 937 veretur
529 874 704 948 admittere,
727 873 773 933 sie
785 871 857 952 noel,
881 873 933 953 qui
948 874 1142 951 intelligentia
1157 873 1207 933 in-

111 978 266 1056 digemus,
297 970 483 1039 committere
505 997 566 1036 non
589 976 740 1050 debemus,
768 985 804 1034 ut
825 976 875 1036 vel
899 974 1027 1037 barbare
1048 974 1208 1039 admodum

110 1079 241 1158 scriptos
259 1079 365 1154 libros,
392 1079 419 1138 si
440 1079 589 1140 bonarum
607 1098 707 1138 rerum
730 1077 888 1137 scientiam
905 1075 1116 1154 polliceantur,
1143 1076 1207 1137 ulla

109 1180 204 1241 modo
221 1181 434 1260 repudiandae,
456 1180 507 1240 vel
526 1200 613 1259 quam
637 1180 827 1240 disertissime
852 1177 1043 1257 compositos,
1065 1175 1091 1234 si
1105 1175 1144 1236 de
1159 1176 1218 1263 ina·

111 1280 239 1341 utilibus
252 1292 283 1343 et
297 1280 383 1343 venis
396 1281 488 1342 rebus
501 1290 642 1356 tractem,
662 1283 760 1358 magni
773 1280 926 1341 iaciendos
937 1295 1121 1350 censeamur,
1135 1274 1209 1355 quin

110 1383 212 1458 etiam,
235 1383 263 1444 si
287 1383 324 1443 de
336 1362 474 1444 seriis'et
488 1383 612 1443 utilibus
627 1384 756 1443 maxime
769 1382 924 1456 disserent,
945 1399 1007 1440 non
1023 1386 1134 1444 temere
1153 1375 1209 1436 ad-

110 1484 274 1544 mittendos
293 1495 444 1563 putemus,
462 1505 512 1560 ne,
539 1485 789 1565 quemadmodum
800 1482 920 1543 illorum
943 1479 1047 1539 ocutos
1067 1487 1208 1547 monetes

109 1585 257 1645 fortnaita
263 1586 511 1666 praestringebat,
524 1595 560 1647 ut
571 1588 615 1647 uti
631 1588 706 1647 eain
718 1581 899 1647 necessarios
915 1581 1002 1640 etiam
1017 1591 1131 1641 sumtus
1144 1577 1207 1641 nou
1258 1610 1261 1618 ·

111 1695 298 1767 paterentur,
306 1687 351 1745 sic
359 1689 490 1748 animum
499 1700 635 1751 nostrum
642 1696 764 1748 ornatus
771 1683 914 1746 orationis
923 1681 1081 1742 etdicendi
1089 1683 1209 1760 elegen-

111 1787 157 1847 tia
163 1789 349 1848 extrinsecus
356 1788 430 1850 adeo
441 1799 620 1871 occupatum
627 1790 766 1862 detinent,
778 1796 813 1846 ut
827 1785 963 1845 adsensa
977 1783 1043 1863 ipea
1065 1782 1209 1867 conoide-x

110 1888 210 1948 reuda
230 1898 391 1969 penetrare
408 1911 471 1950 uon
485 1890 573 1952 siuet.
614 1892 690 1951 Nam
702 1891 728 1950 si
739 1887 880 1968 neglectio
886 1885 988 1959 rebus,
996 1885 1030 1945 id
1043 1884 1208 1964 quodfcoi·

110 2010 190 2065 mua,
206 2011 272 2080 non
282 1999 352 2065 tem,
365 2011 432 2053 cum
447 2013 496 2052 eas
509 2012 636 2077 prorsus
647 2012 709 2051 non
721 1989 1112 2067 discimus,quamcumnon
1124 1987 1207 2047 abiis

112 2090 267 2167 discimus,
277 2091 330 2169 qui
339 2112 388 2155 ees
397 2092 516 2172 docent,
525 2094 622 2154 sedub
630 2093 677 2168 iis,
685 2093 736 2172 qui
746 2088 1208 2168 eastantamsuodoeloquuntur,

113 2193 245 2252 sermoni
258 2192 422 2253 excolendo
436 2214 544 2254 vacare
556 2196 750 2270 voluerimus,
771 2192 936 2254 verendum
949 2202 1004 2265 est,
1026 2211 1073 2265 ne,
1088 2191 1161 2255 dum
1173 2192 1208 2253 iu

113 2312 148 2352 ea
161 2314 194 2352 re
208 2294 333 2353 caeteris
348 2292 519 2354 hominibus
535 2306 689 2376 praestare
711 2313 865 2369 conamur,
887 2313 947 2372 qua
960 2290 1096 2350 homines
1108 2292 1208 2353 brutie

113 2395 292 2482 antecellere
313 2395 472 2471 credimur,
492 2398 570 2478 picis
594 2406 625 2456 et
638 2398 774 2477 psittacis
788 2397 946 2459 similiores
962 2392 1132 2454 evadamus.
1174 2392 1225 2463 Sis

111 2507 194 2556 recte
219 2498 340 2575 quidem
361 2498 486 2557 sortasse
508 2498 548 2556 ad
568 2498 763 2559 imitationem
784 2500 959 2579 loquamur,
989 2494 1072 2574 quod
1090 2495 1209 2555 ratione

113 2599 283 2657 carentibus
296 2598 385 2660 etiam
401 2599 578 2659 animalibus
586 2601 747 2679 aliquando
764 2602 917 2678 contingit,
932 2599 1082 2678 sapiamus
1098 2605 1207 2672 eutem,

112 2699 195 2779 quod
208 2700 365 2778 proprium
380 2699 509 2760 hominis
523 2712 577 2778 est,
598 2723 705 2784 perum
718 2713 810 2765 recte.
851 2701 893 2763 At
907 2721 979 2760 vero
996 2699 1049 2778 qui
1062 2688 1207 2775 eloqueri-

111 2801 185 2859 tium
206 2801 388 2879 vituperant,
413 2811 449 2862 ut
471 2811 587 2863 caetere
608 2805 751 2880 omittam,
773 2813 867 2863 artem
889 2802 952 2862 eius
967 2801 1045 2860 inter
1058 2799 1209 2856 adulatio-

113 2921 191 2960 num
206 2902 317 2978 species
335 2902 499 2981 reponunt,
522 2912 611 2981 atque
631 2904 664 2962 id
678 2923 743 2962 esse
764 2903 878 2961 animae
900 2901 1016 2971 dicunt,
1038 2898 1119 2973 quod
1139 2918 1209 2957 cor-

110 3001 181 3080 pori
206 3011 250 3060 eet
273 3002 455 3062 obsonatrix.
499 3004 583 3063 Sicut
600 3004 677 3063 enim
697 3003 748 3062 illa
762 2999 853 3062 variis
869 3000 1127 3061 condimentorum
1139 2990 1209 3058 illc-

112 3102 211 3162 cebrir
232 3114 351 3180 gustum
369 3105 456 3179 fallit,
477 3125 534 3165 nec
556 3106 712 3184 permittit,
734 3115 769 3164 ut
786 3106 921 3165 ciborum
936 3100 1079 3163 naturalis
1096 3109 1126 3158 et
1139 3099 1209 3159 sin-

113 3223 201 3262 cerus
215 3224 305 3283 sapor
319 3199 513 3284 percipiatur,
535 3207 578 3265 ita
591 3206 671 3266 hanc
687 3208 778 3267 variis
793 3206 955 3266 verborum
968 3201 1124 3263 lenociniis
1139 3211 1209 3263 tur-

111 3304 202 3384 pibus
224 3314 254 3363 et
276 3305 395 3366 iniustis
409 3308 499 3367 rebus
511 3307 676 3367 honestatis
691 3318 721 3367 et
740 3308 870 3367 iustitiae
892 3306 993 3386 specie
1009 3304 1140 3363 obducta
1153 3305 1209 3363 iu·-

112 3407 260 3466 dieiorum
282 3407 494 3469 rectitudinem
516 3429 634 3469 omnem
661 3410 850 3488 distorquere
878 3429 914 3468 ac
937 3417 1118 3488 pervertere.
1167 3406 1209 3466 Ut

113 3506 229 3587 quibis
245 3508 454 3584 assentientur,
478 3520 580 3571 contre
595 3509 810 3588 quampriores
824 3510 869 3569 illi
884 3509 1042 3581 iaciebant,
1064 3508 1140 3568 nihil
1154 3508 1209 3568 ad-

112 3610 232 3668 mittere
246 3609 310 3670 sine
325 3611 493 3688 suspicione
512 3611 614 3686 velint,
637 3612 719 3690 quod
742 3611 866 3689 aliquod
883 3611 914 3670 in
935 3630 966 3668 ee
988 3609 1038 3669 vel
1058 3607 1209 3667 mediocre

113 3712 300 3790 eloquentiae
325 3720 531 3772 orntmentum
554 3734 589 3771 ae
606 3713 706 3772 lumen
729 3733 803 3792 prae
826 3734 857 3772 se
875 3713 953 3772 serre
969 3709 1117 3781 videatur,
1139 3709 1210 3767 elo·-

113 3799 324 3893 qrientiemque
339 3813 472 3873 omnium
485 3790 562 3895 pene
574 3815 720 3875 melorum
734 3815 765 3874 in
788 3834 879 3874 causa
895 3835 957 3874 esse
971 3810 1143 3873 hominibus
1159 3830 1209 3872 ar·

111 3915 274 3975 bitrentur:
302 3915 417 3994 quippe
441 3935 508 3975 cum
530 3937 565 3976 ec
582 3936 677 3995 prava
699 3937 736 3976 ex
758 3938 789 3977 se
810 3917 858 3991 sil,
888 3915 1024 3976 nonnisi
1046 3932 1140 3991 prave
1162 3912 1209 3973 uti

112 4017 260 4095 quispiam
274 4015 379 4096 possit.
423 4016 497 4075 Nam
514 4016 539 4075 si
554 4017 594 4076 ad
613 4018 699 4076 versie
721 4038 779 4092 ree,
803 4039 877 4097 quas
893 4017 1036 4079 inanimo
1051 4012 1208 4089 habemus,
1223 4085 1226 4091 .
1252 4072 1255 4077 ,

112 4117 334 4196 exprimendas,
344 4137 405 4175 non
419 4117 457 4176 ad
476 4117 626 4196 fingendas
639 4121 729 4179 falsas
743 4130 772 4179 et
787 4121 930 4181 fucandas
946 4138 980 4175 ea
996 4116 1041 4174 uti
1054 4117 1207 4192 vellemus,

111 4228 185 4290 satis
198 4238 440 4299 unamquemque
455 4219 534 4278 inea
553 4242 597 4300 re,
621 4241 711 4307 quem
734 4222 810 4282 bene
824 4221 921 4294 novit,
944 4238 1008 4280 esse
1022 4220 1210 4299 eloquentem

153 4317 252 4368 mm.
266 4320 306 4369 se
321 4316 459 4368 nmen
479 4319 508 4369 r.
527 4319 549 4370 1.
962 4303 990 4369 ll
