2768 4724
92 168 100 177 ἡ
178 217 243 285 720
302 202 1126 280 -ttsusustoonurntnruouucrto

177 387 270 463 vulgo
291 376 401 442 sociale
423 377 536 436 dictum
557 376 622 437 fuit.
657 376 760 454 Neque
779 375 871 453 igitur
889 378 1117 440 existimandum
1136 382 1270 462 videtur,

177 479 248 555 post
268 475 384 526 tantum
405 464 524 521 demum
542 462 685 541 temporis
703 463 893 521 intervallum
914 464 951 522 de
968 463 1015 524 his
1031 467 1158 526 Persicis
1176 469 1270 529 rebus

176 557 208 616 in
225 551 367 612 concione
381 556 481 607 sctum
496 547 601 606 fuisse:
624 547 666 605 sic
682 546 759 606 enim
771 546 998 625 quadriennium
1016 549 1078 610 lere
1093 553 1173 610 inter
1188 553 1270 614 ch·-

176 639 250 703 retis
263 632 482 713 expeditionem
504 641 534 690 et
551 630 773 690 Atheniensium
785 631 821 690 de
840 631 917 692 bello
933 634 1053 693 Persica
1075 635 1271 698 deliberatio-

175 740 244 784 nem
266 718 488 778 intercessisset.
518 716 579 774 lma
599 735 689 789 vero,
719 717 774 775 vix
791 727 916 796 accepto
938 720 1017 796 regie
1036 722 1157 795 nuntio,
1179 723 1270 782 sudi-

176 811 274 884 tisque
288 805 352 863 eius
368 803 468 874 minis,
490 809 605 859 tantum
623 800 659 859 iis
675 799 855 873 tribuerunt,
876 811 921 874 ut,
945 802 1034 878 bello,
1057 806 1107 864 cui
1128 807 1269 887 impliciti

176 900 276 962 erant,
297 887 355 946 fine
379 880 535 964 imposito,
557 904 587 942 ss
602 884 768 962 paratiores
784 884 911 945 reddere
927 899 1109 948 conarentur
1123 892 1268 951 adversus

173 977 295 1043 Persas,
317 990 413 1048 neque
428 968 503 1028 haee
517 968 556 1027 sd
571 969 691 1027 tertium
707 977 883 1047 quartumve
900 991 1010 1031 annum
1024 973 1189 1062 differenda
1202 997 1268 1037 esse

172 1058 386 1121 'existimarent

259 1141 306 1198 Ad
326 1140 398 1197 alios
415 1137 507 1215 igitur
521 1136 702 1196 recentiores
714 1137 871 1198 Persarum
892 1152 1054 1220 apparatus
1072 1140 1146 1203 haec
1160 1143 1266 1204 Oratio

173 1226 279 1290 referri
303 1223 405 1297 debet,
428 1239 556 1299 quorum
573 1229 671 1280 tauien
683 1222 766 1280 nulla
786 1224 894 1283 diserta
910 1227 1021 1286 mentio
1040 1229 1121 1308 spud
1139 1226 1266 1288 histori-

146 1351 150 1359 .
175 1332 225 1372 eos
249 1308 388 1368 occurrit.
426 1306 463 1364 ut
481 1314 645 1384 potuerunt
667 1325 737 1365 sans
757 1307 845 1366 facile
868 1328 917 1368 eos
941 1309 1095 1385 omittere,
1116 1312 1265 1390 siquidem

175 1395 311 1467 eosdem,
345 1393 399 1450 etsi
422 1389 548 1468 saepius
566 1391 726 1485 repetitos,
759 1394 873 1451 nullum
900 1393 1013 1454 bellum
1039 1405 1173 1456 secutum
1206 1407 1262 1456 est.

175 1481 262 1539 Certe
277 1497 337 1536 nan
349 1476 444 1534 multo
460 1483 529 1551 post
544 1473 614 1531 belh
632 1474 744 1533 Persici
758 1487 855 1536 metus
870 1477 977 1538 iterum
1000 1481 1079 1559 cepit
1097 1479 1263 1540 Athenien·

173 1584 236 1639 ses,
260 1581 351 1639 quum
375 1558 407 1617 hi
422 1555 553 1616 Rhodios
575 1556 611 1614 ab
629 1561 802 1618 Artemisiae
824 1562 1022 1623 dominatione
1042 1564 1073 1623 iu
1093 1565 1261 1625 libertatem

172 1648 325 1707 vindicare
360 1644 530 1716 studerent3
560 1660 637 1720 quse
669 1644 859 1719 acciderunt,
887 1656 921 1704 ut
955 1649 1049 1716 modo
1082 1650 1261 1725 monuimus,

99 1757 104 1766 ·
174 1732 292 1810 Olymp.
305 1730 391 1787 cvtl.
407 1748 432 1787 a.
449 1731 478 1790 2.
495 1726 552 1783 ‘Cs.
571 1726 774 1794 Demosthenis
789 1729 827 1787 de
847 1749 881 1788 es
901 1751 935 1790 re
947 1731 1120 1792 Orationem
1139 1744 1169 1792 et
1184 1753 1262 1812 quae

63 1803 66 1811 ¹
172 1815 316 1875 disseruit
332 1813 354 1871 l.
382 1810 415 1870 Τ.
437 1812 639 1886 Bergmannus
660 1811 690 1868 in
717 1812 857 1873 innatat.
885 1815 924 1876 ad
951 1815 1091 1876 Isocratis
1114 1818 1260 1897 Areopag.

170 1920 203 1980 p.
216 1904 268 1966 80,
288 1902 356 1962 190.
396 1897 522 1967 Verum,
549 1913 609 1972 quo
626 1896 743 1955 facilius
756 1897 815 1957 hae
832 1899 996 1959 simultates
1010 1904 1198 1980 sopirentur,
1215 1904 1261 1964 fs·

172 2005 240 2044 cere
256 2000 323 2041 cum
343 1981 417 2039 aliae
440 1997 578 2053 caussae,
598 1990 662 2039 tum
681 1981 818 2059 inprimis
839 1985 961 2061 utrique
984 1988 1147 2044 communis
1163 1996 1261 2046 metus

170 2067 333 2146 ingruentis
356 2064 486 2143 Philippi
506 2063 675 2123 Macedonis
695 2067 862 2143 potentiae,
886 2068 971 2127 euius
991 2070 1071 2129 vites
1095 2071 1178 2129 brevi
1198 2091 1262 2130 nou

169 2162 287 2213 tantum
299 2147 548 2221 Atheniensibus,
561 2164 667 2207 verum
677 2149 735 2226 ipsi
748 2152 834 2210 etiam
849 2153 1003 2212 Persarum
1018 2155 1079 2231 regi
1101 2165 1260 2234 suspectae

170 2244 235 2298 'esse
251 2243 422 2314 caeperunt.
443 2235 588 2310 Tempus,
612 2252 673 2310 quo
694 2234 770 2292 secta
793 2237 881 2294 fuerit
901 2235 976 2294 haec
997 2239 1181 2312 conciliatio,
1207 2258 1262 2298 ac·

166 2331 271 2401 nasute
286 2319 372 2377 nobis
391 2317 536 2376 indicavit
550 2315 704 2395 Philippus
722 2317 752 2375 in
768 2318 900 2397 Epistola
916 2319 954 2377 ad
965 2320 1159 2380 Athenienses
1181 2325 1263 2384 scri·
1305 2360 1308 2365 ·

166 2415 236 2486 pta,
260 2423 334 2482 quae
353 2411 468 2461 servata
485 2409 531 2459 est
543 2401 621 2459 inter
636 2400 859 2461 Demosthenica
883 2422 991 2482 opera,
1013 2425 1042 2483 p.
1063 2410 1134 2476 160,
1155 2413 1185 2472 8.
1205 2409 1262 2471 καὶ

91 2506 126 2516 ·“
165 2485 245 2569 πρὸς
265 2486 319 2550 τὸν
344 2487 463 2566 Πίρσην
483 2475 681 2548 tuentum
701 2488 857 2560 πείσοντας
881 2483 975 2551 αὐτὰν
1001 2488 1069 2566 ίμολ
1095 2498 1258 2568 πολεμεῖν·
1317 2491 1320 2496 ’

167 2569 325 2653 initam
346 2566 384 2633 tv
405 2592 449 2642 τις
464 2565 645 2647 θαυμάσειε.
657 2565 719 2649 πρὸ
740 2569 793 2647 μίν
812 2568 869 2654 γαρ
891 2579 946 2634 τοῦ
968 2578 1073 2655 λαβεῖν
1086 2568 1181 2636 αὐτὸν
1198 2578 1261 2639 At-

165 2681 280 2740 yunsov
306 2656 357 2719 καλ
395 2655 542 2732 Φοινίκην
568 2654 779 2730 ἐψηφίσασθε,
817 2651 856 2717 aiv
886 2652 998 2730 ἐκεῖνός
1025 2682 1053 2719 τι
1082 2664 1257 2739 νεωτερίση,

165 2747 350 2820 παρακαλεῖν
379 2733 491 2815 ὁμοίως
517 2737 569 2816 tut
595 2737 646 2799 καλ
673 2739 744 2810 τούς
764 2733 1032 2822 ἅλλουςἝλληνας
1052 2737 1187 2816 ἅπαντας
1213 2727 1258 2818 ele

167 2819 277 2889 αὐτόν·
300 2829 357 2886 νῦν
373 2823 403 2885 di
417 2827 563 2884 τοσοῦτον
575 2816 649 2898 ὑμῖν
662 2824 795 2899 περίεστι
809 2830 865 2887 τοῦ
879 2822 955 2905 πρός
974 2825 1024 2904 tet
1042 2829 1165 2902 μίσους,
1180 2824 1257 2892 ὥστε

163 2907 243 2991 πρός
256 2912 370 2971 ἐκεῖνον
384 2907 572 2986 διαλέγεσθαι
592 2906 727 2983 περὶτῆς
746 2906 972 2987 ἔπισνμμαχίας.
1002 2912 1056 2969 llle
1076 2922 1176 2970 autem
1191 2914 1258 2973 Ae·

165 2995 249 3074 gypti
265 2990 499 3069 Phoeniciaeque
512 2991 692 3071 expugnatio
707 2994 784 3050 iacta
797 3002 843 3050 est
857 2993 977 3072 Olymp.
995 2994 1081 3052 Cl'll.
1097 3017 1124 3056 s.
1139 3003 1208 3060 2-
1219 3002 1255 3063 4.

164 3079 209 3136 (ll.
225 3078 309 3136 lliod.
326 3077 385 3134 sie.
400 3077 480 3133 XVI.
496 3081 642 3140 40-52.
673 3076 775 3153 ltaque
792 3075 828 3132 ab
843 3096 877 3135 eo
899 3077 968 3136 iude
981 3088 1114 3157 tempore
1128 3083 1256 3141 arctiori

163 3161 326 3221 communis
356 3182 371 3218 a
397 3159 537 3238 Philippa
557 3158 718 3217 soraridinis
742 3159 862 3218 vinculo
883 3161 979 3223 iuncti
1001 3164 1122 3221 fuerunt
1143 3166 1256 3226 Persae

162 3256 251 3323 atque
269 3243 461 3303 Athenienses
468 3245 558 3321 ,quin
578 3243 664 3300 etiam
683 3254 815 3319 apertum
832 3246 943 3304 bellum
961 3257 1063 3304 contre
1080 3247 1256 3329 Philippum

160 3329 292 3408 suscepit
310 3349 381 3402 rex,
411 3347 501 3407 quum
524 3326 575 3384 hic
595 3326 766 3386 Perinthum
788 3329 940 3388 obsidione
967 3331 1108 3406 cingeret,
1129 3334 1253 3412 Olymp.

159 3415 237 3473 ClX.
262 3434 289 3472 s.
311 3420 340 3479 4.
356 3414 439 3472 Diod.
458 3411 515 3469 Sic.
535 3408 615 3468 XVl.
639 3414 690 3475 75.
725 3413 835 3471 Verum
858 3413 915 3471 iam
937 3423 1022 3472 antea
1043 3415 1138 3474 iactae
1156 3418 1255 3479 luisse

159 3499 324 3559 censendae
347 3507 416 3556 sunt
445 3494 634 3553 llemostheni
662 3496 730 3553 illae
755 3497 925 3572 largitiones
948 3519 964 3555 a
989 3499 1144 3558 Persarum
1167 3523 1251 3578 rege,

158 3585 267 3664 quibus
293 3584 431 3641 incensus
453 3577 592 3657 Philippo
614 3580 645 3637 in
663 3581 727 3659 ipsa
754 3582 876 3640 Graecia
898 3582 975 3640 bella
997 3585 1175 3658 concitaret,
1212 3586 1253 3647 ds

157 3669 266 3748 quihus
283 3676 313 3726 et
327 3667 376 3726 alii
390 3663 602 3742 prodiderunt,
624 3665 769 3743 imprimis
785 3676 881 3725 autem
895 3665 1058 3726 Aeschines
1079 3669 1109 3726 in
1121 3669 1205 3728 Orat
1224 3692 1252 3730 c.

156 3751 341 3832 Ctesiphoni.
356 3751 465 3828 passim
481 3757 511 3808 et
526 3746 676 3817 Diodorus
687 3750 745 3807 Sic.
762 3751 853 3809 XVll.
866 3755 896 3815 4.
917 3748 1013 3814 πολλὰ
1031 3749 1089 3832 γὰρ
1109 3749 1251 3832 χρήματά

155 3858 250 3918 φασιν
271 3830 365 3897 eisin
388 3832 435 3913 [h.
459 3852 484 3890 e·
510 3833 711 3911 Δημοσθένη]
734 3835 889 3910 είληφίναι
912 3830 995 3912 παρὰ
1021 3839 1166 3912 Περσῶν,
1194 3839 1251 3902 ἵνα

153 3919 345 3998 πολιτεύηται
360 3915 436 3979 κατὰ
451 3912 651 3980 Μακεδόνων.
674 3917 853 3977 Plutarchus
867 3919 897 3978 in
915 3920 950 3977 V.
966 3918 1118 3979 Demosth.
1132 3942 1163 3999 p.
1171 3927 1248 3988 851.
1288 3948 1293 3961 ·

153 4006 188 4067 D.
208 4000 308 4087 λαβών
322 4003 354 4066 dl
369 3999 420 4082 τῆς
440 4005 588 4075 πολιτείας
614 3997 710 4080 καλὴν
739 3995 889 4082 ὑπόθεσιν
910 4001 963 4080 τήν
990 3999 1066 4081 πρός
1092 4010 1249 4071 Φίλιππον
1288 4068 1291 4073 ,

152 4083 228 4169 ὖττίρ
247 4096 309 4153 τοῖν
321 4082 472 4166 Ἑλλήνων
487 4088 689 4164 δικαιολογίαν
700 4120 743 4132 -
757 4084 845 4167 rupti
866 4084 957 4163 δόξαν
981 4088 1044 4167 iope
1058 4122 1100 4135 -
1117 4085 1248 4154 dota—³

150 4171 373 4251 θεραπεύεσθαι
394 4165 456 4237 int
472 4176 537 4241 ,τοῦ
556 4167 687 4252 μεγάλου
709 4172 865 4250 βασιλέως.
896 4183 926 4232 et
944 4195 975 4252 p.
994 4177 1065 4239 852.
1086 4174 1117 4234 C.
1135 4184 1247 4253 Δημο-

151 4260 358 4343 σθένης-κρῖ
371 4251 491 4322 ἄνωθεν
509 4256 542 4320 is
559 4250 689 4320 Σούνιον
699 4256 751 4319 καί
762 4249 954 4339 Ἐκβατάνων
973 4253 1111 4339 ίπιβατὸς
1125 4262 1247 4347 χροσίεμ
