2768 4724
1151 251 1215 313 eat
1296 262 1299 271 '

144 580 423 665 ennium,
468 579 854 709 corniton-1)
897 541 1214 662 evulsum

157 802 160 811 .
361 726 961 815 crassatur-10

47 984 65 1011 .
113 881 308 969 suren
342 881 655 988 >carrione
689 870 772 962 DE
812 876 1132 965 HALONESO
1159 868 1228 996 †)'..

198 1256 283 1316 Sicut
305 1253 405 1331 aliqua
424 1253 473 1310 vel
490 1253 518 1311 ei
530 1252 645 1327 medico
661 1252 791 1317 habetur
804 1255 916 1331 gratia,
937 1256 989 1333 qui
1008 1252 1147 1316 morbum
1167 1251 1249 1319 leat
1294 1278 1297 1283 ¹

112 1341 226 1401 viorem
246 1342 327 1398 iusta
348 1337 463 1397 medela
481 1340 663 1415 personarit3
692 1359 796 1416 magua
813 1360 885 1399 vero
901 1349 931 1399 et
944 1340 1067 1416 insignis
1087 1337 1131 1413 ei,
1161 1335 1214 1413 qut
1317 1400 1321 1407 ¹

113 1436 164 1484 aut
176 1426 360 1502 praeclaram
374 1423 508 1500 corporis
522 1432 656 1501 partem,
680 1444 769 1501 quarn
789 1425 838 1482 alii
857 1425 992 1484 scindere
1016 1433 1105 1500 atque
1126 1440 1224 1479 urere.

112 1512 258 1587 cupiunt.
281 1521 332 1565 aut
346 1507 438 1564 vitam
451 1505 579 1566 hominis
595 1530 612 1564 a
624 1510 730 1569 ceteris
744 1509 932 1587 desperatam
947 1509 1079 1588 potuerit
1092 1520 1214 1567 censar-

55 1598 61 1603 ”
110 1615 201 1652 vare:
223 1595 264 1652 ita
280 1593 416 1670 prolecto
436 1591 546 1668 iuliis,
570 1593 679 1669 quibus
699 1615 754 1653 nos
776 1595 979 1666 delectamur,
1003 1590 1113 1651 studiis
1130 1610 1213 1651 non-

109 1679 197 1738 nulla
211 1677 331 1755 quidem
345 1686 375 1735 et
389 1677 452 1735 eius
469 1674 525 1735 en'l
537 1677 620 1750 laus,
640 1679 691 1755 qui
711 1678 891 1756 particulam
908 1677 1067 1756 scriptoris
1086 1673 1213 1752 antiqui,
1271 1710 1277 1719 -

110 1783 207 1823 naevo
219 1763 419 1836 laborantem,
444 1762 600 1820 commode
615 1765 761 1839 curarit,¹
777 1764 873 1831 maior
889 1772 988 1822 autem
1009 1771 1039 1820 et
1058 1768 1214 1839 praestan·
1238 1760 1242 1765 '

111 1849 171 1906 tior
185 1847 267 1918 cius,
293 1847 346 1925 qui
362 1867 439 1924 opus
455 1847 580 1923 aliquod
597 1847 788 1922 universum,
811 1848 847 1911 ab
869 1847 976 1924 egregii
993 1846 1126 1906 auctoris
1148 1852 1213 1903 arte

111 1933 291 2012 profectum,
315 1954 331 1989 a
347 1930 521 1989 criticorum
538 1932 660 1991 levitate
678 1942 817 1990 vexatum
835 1941 864 1990 et
878 1934 1125 2003 condemnatum,
1151 1927 1219 1987 aal-·
1319 1992 1321 2002 1

111 2036 184 2075 vum
197 2016 389 2094 praestiterit.
434 2015 503 2089 Quo
516 2015 616 2076 studio
632 2017 681 2074 vel
693 2017 886 2096 impugnandi
901 2027 1037 2078 veterum
1053 2009 1144 2093 opera
1162 2012 1214 2072 vel

111 2101 217 2158 tuendi
230 2111 367 2160 nostrum
381 2099 511 2158 maxime
526 2099 741 2160 inflammatum
764 2102 885 2161 videtur
906 2111 1032 2179 tempas.
1078 2100 1213 2174 Namque

112 2194 148 2242 ut
161 2184 192 2241 in
205 2183 262 2244 lroc
276 2186 370 2244 totius
386 2185 465 2244 orbis
481 2195 628 2244 terrarum
645 2183 790 2249 conllictu
810 2207 870 2246 non
890 2185 1009 2247 urbium
1026 2182 1213 2262 quarundam

112 2270 327 2348 civitatumque
344 2272 538 2347 exiguarum,
566 2271 619 2329 sed
634 2271 829 2351 imperiorum
845 2272 924 2335 solus
939 2271 1136 2335 maximorum
1152 2270 1213 2345 agi·

10 2368 21 2379 ·
110 2365 177 2428 tur,
205 2373 313 2432 quum,
336 2374 413 2432 quae
424 2353 516 2413 hodic
530 2355 655 2431 ssorcnt,
676 2357 875 2427 deliciantur,
895 2376 971 2434 quae
987 2355 1101 2416 dudum
1117 2351 1225 2431 perier

109 2447 195 2511 runt,
218 2443 331 2507 maiora
348 2447 524 2515 exsurgant,
547 2439 589 2497 ita
603 2438 766 2518 philologis
778 2442 890 2499 nostris
902 2440 1014 2519 cupido
1031 2439 1152 2501 videtur
1165 2437 1214 2499 in·-
1231 2516 1234 2521 Ι

109 2523 237 2597 vasisse,
265 2525 324 2581 iam
339 2543 397 2580 non
415 2523 450 2581 de
468 2523 559 2581 rebus
573 2524 703 2600 exiguis,
727 2527 778 2585 sed
804 2527 842 2583 de
863 2526 1107 2599 maxirnis,1nou
1126 2522 1164 2582 da
1182 2519 1214 2578 vi
1288 2555 1294 2565 =

20 2653 22 2657 y
110 2629 251 2666 acsensu
265 2607 427 2665 verborum
447 2607 652 2684 quorundam,
682 2609 788 2667 sedda
812 2612 993 2687 scriptorum
1019 2609 1212 2687 optimorum,
1240 2676 1244 2683 .

109 2692 318 2772 librorumque
340 2691 611 2750 laudatissimorum
630 2694 822 2770 auctoritate,
851 2694 986 2767 nemine,
1016 2694 1113 2756 salute
1134 2686 1219 2753 inter‘

108 2775 350 2852 sedigladiandi.
1216 2824 1220 2835 .
1260 2806 1264 2813 *

196 2860 254 2919 sod
270 2859 521 2937 quemadmodum
536 2880 633 2940 nuper
647 2862 814 2929 Ciceronis,
843 2861 1018 2920 sicdudum
1038 2856 1219 2921 Demosthe·¹
1300 2876 1306 2899 t

110 2945 157 3006 nis
172 2946 290 3024 aliquae
305 2944 453 3003 orationes
471 2945 503 3002 in
519 2945 645 3006 dubium
661 2957 731 3005 sunt
751 2957 892 3014 vocatas,
915 2948 957 3018 ita
977 2954 1010 3004 ut
1033 2945 1212 3021 interviret

15 3084 23 3094 ,
111 3032 216 3089 doctos
233 3052 293 3089 non
308 3038 468 3104 constaret,
492 3028 582 3091 lricne
600 3053 637 3091 an
650 3032 727 3091 alius
741 3053 842 3092 earum
857 3033 896 3091 sit
911 3039 1028 3089 auctor.
1062 3027 1214 3103 Quamob-

108 3137 172 3175 rem
186 3137 253 3175 cum
270 3113 498 3175 Demosthenem
515 3126 642 3193 etcum,
666 3117 729 3175 sine
747 3139 807 3196 quo
824 3118 874 3176 ille
888 3115 1012 3190 intelligi
1025 3134 1084 3173 non
1102 3112 1219 3192 potest,
1282 3158 1286 3167 .

109 3201 286 3260 Aeschinem
302 3200 476 3277 delegerim,
491 3201 532 3273 *in
546 3204 655 3281 quibus
671 3223 743 3280 pras
763 3204 872 3272 cetaria
887 3222 980 3281 opera
997 3220 1059 3258 mea
1075 3207 1230 3264 versare-4
1311 3218 1315 3226 ¹

31 3362 33 3368 υ
109 3294 178 3357 tur,
211 3288 295 3345 illinc
317 3285 441 3344 huiusce
459 3294 580 3365 quoque
603 3288 698 3347 libelli
720 3297 930 3363 argumentum
948 3285 1051 3366 petere
1081 3282 1220 3349 decrevi..

109 3371 212 3448 Neque
233 3372 310 3429 enim
328 3370 432 3429 mirari
450 3372 521 3429 eatis
542 3392 665 3451 possum
674 3414 683 3444 ,
714 3373 839 3444 videns,
864 3373 932 3430 illos
953 3379 1105 3431 oratorum
1129 3376 1215 3425 vete*

109 3475 177 3513 rum
199 3454 373 3513 duumviros
395 3476 476 3531 nunc¹
500 3457 561 3514 fere
583 3457 620 3517 ab
636 3457 773 3515 omnibus
789 3456 913 3534 negligi,
941 3455 1091 3513 orationes
1113 3462 1218 3519 autem¹

110 3538 282 3612 Ciceronis,
306 3539 358 3616 qui
379 3539 417 3597 ad
436 3539 558 3599 illorum
580 3561 612 3599 se
631 3542 801 3620 exemplum
822 3539 1038 3610 conformavit,
1065 3536 1217 3601 ‹lorninari

109 3623 141 3680 iu
158 3621 269 3681 scholis
287 3631 317 3680 et
339 3622 370 3679 in
391 3624 527 3683 manibus
544 3628 675 3683 omnium
696 3627 820 3684 versari.
866 3628 965 3699 Quare
986 3624 1013 3682 si
1036 3623 1213 3679 adolescen-

109 3718 164 3780 tes,
187 3709 220 3767 id
236 3706 317 3785 quod
332 3727 420 3784 saepe
435 3709 641 3783 animadverti,
662 3721 811 3771 oratorem
829 3713 993 3771 Romanum
1008 3705 1130 3770 summis
1146 3716 1213 3764 atu-

111 3792 167 3851 diis
182 3793 421 3871 amplectuntur,
448 3802 608 3872 propterea
624 3794 705 3872 quod
723 3796 753 3855 in
770 3794 829 3855 hoc
850 3814 959 3873 genera
979 3791 1109 3855 oratorio
1125 3789 1212 3848 iuve-

113 3913 319 3931 -——-

162 3993 193 4058 †)
212 3991 318 4044 Prodiit
333 3993 483 4047 Lubhenee
497 3996 572 4051 taos.
588 3996 721 4065 inecripta
738 3995 793 4048 hoe
810 3995 909 4049 titudo:
928 3992 1079 4046 mortonem
1098 3989 1130 4036 ‹le
1144 3991 1213 4037 *ltc-

215 4063 301 4111 loneao
323 4065 505 4126 Demostheni,
523 4070 568 4116 eui
584 4062 663 4133 valeo
683 4068 868 4123 adiudicaret,
887 4066 1016 4121 vrrrdr'eat,
1035 4059 1150 4107 adiectis
1164 4057 1217 4115 aab*
1256 4092 1274 4123 .‘

206 4129 293 4198 finan
312 4133 535 4184 observationibus
553 4138 697 4187 maximam
714 4147 818 4201 portem
836 4135 948 4184 criticis.
976 4127 1055 4180 Gens.
1075 4142 1145 4196 quae
1161 4142 1212 4179 no-

213 4208 272 4251 tata
288 4209 352 4251 sunt
368 4219 394 4270 p.
415 4202 473 4256 180.
491 4219 512 4254 a.

184 4268 197 4301 *
216 4270 506 4347 Nurnerimarginibus
523 4271 658 4340 adscripti
680 4270 806 4324 indicant
823 4270 940 4343 paginas
959 4269 1086 4324 editionis
1103 4268 1213 4321 Lubbe·

195 4384 197 4388 .
214 4353 315 4390 11811813.
