2768 4724
213 226 273 305 m
323 172 344 255 ἶ
370 219 793 322 ssocueusrmmi
823 216 1143 287 orsssersmo

207 396 346 479 prolerre
362 391 782 479 non¹verestur,³pesiculum
798 392 935 470 quemvis
950 394 978 454 cl
993 393 1092 455 instet.
1114 398 1117 405 '
1135 392 1263 474 Propter
1275 393 1309 453 id

209 484 308 562 ipsum
321 482 461 558 vulgatus
473 479 640 538 orationum
652 479 728 537 ordo
740 477 869 539 laboret.

272 566 370 627 Possit
384 562 515 624 etiamid
528 564 563 622 in
577 563 752 623 sententiam
764 571 898 621 nostrum
910 560 1022 637 efferri,
1036 562 1117 641 quod
1133 564 1164 621 in
1178 562 1310 625 secunde
1337 559 1346 569 ’

208 648 305 731 (vulg.
321 648 382 728 ΙΙΙ.)
401 657 550 727 exponet,
565 665 638 726 v(1110
659 647 749 722 modo
771 647 825 707 ills
847 647 885 706 de
906 645 1050 707 theoricis
1067 648 1118 708 lox
1136 647 1310 726 abrogando

211 735 250 795 sit
269 734 321 815 (cf.
349 753 378 812 p.
396 737 448 799 88.
471 731 552 809 init.)
563 773 574 804 ,
601 731 633 791 in
654 732 744 792 tertia
767 740 868 792 sutem
885 727 980 811 (vulg.
997 731 1036 806 Ι.)
1056 752 1072 790 e
1093 732 1312 795 malevolorum

207 817 481 897 criminationibus,
504 816 556 896 qui
572 835 640 895 eum
652 817 752 896 ipsum
765 818 862 894 legem
880 815 1120 894 illemsbrogere
1131 816 1311 894 dirsdgevef·

206 912 295 978 -rent,
317 911 419 960 orstor
438 919 503 969 sese
522 919 650 979 puugere
667 901 799 977 videtur.
836 899 1040 960 'coniunctum
1063 911 1108 963 est
1127 920 1197 959 ouus
1216 921 1253 961 es
1265 920 1310 976 re,

208 1010 228 1047 o
253 1006 311 1067 qua
333 988 459 1045 fortusse
478 983 561 1044 haud
579 986 689 1065 procul
702 984 869 1062 Riidigeru's
889 984 1006 1059 oberat,
1029 986 1112 1062 quod
1129 983 1162 1044 in
1174 986 1311 1047 emtione

208 1072 358 1135 tortiores
374 1068 496 1130 brevius
507 1068 772 1148 vehementiusque
785 1077 934 1129 tractatur
941 1117 951 1145 ,
972 1072 1004 1128 in
1017 1071 1148 1130 secundo
1160 1089 1233 1129 vero
1246 1089 1310 1129 non

128 1179 133 1189 ·
210 1158 310 1217 solum
327 1175 363 1215 eo
384 1155 469 1228 loco,
499 1173 589 1245 quem
609 1153 717 1231 Riidig.
735 1153 886 1230 laudavit,
917 1153 1076 1213 sedetiam
1097 1151 1311 1234 pentina

210 1261 279 1322 pag,
299 1242 349 1308 38.
363 1239 429 1299 fuse
451 1239 571 1317 lateque
589 1237 627 1296 de
647 1260 680 1297 re
695 1247 755 1297 tem
773 1240 858 1315 gravi
880 1238 987 1315 egitur.
1029 1238 1104 1299 Inde
1119 1239 1241 1303 demum
1254 1256 1310 1297 ex-

211 1327 357 1407 plicatur,
379 1341 437 1382 cus·
449 1324 482 1382 in
494 1321 583 1385 tertia
598 1333 659 1381 tem
671 1322 758 1382 brevi
773 1342 836 1383 esse
847 1323 880 1383 ‘ei
896 1323 1028 1384 licuerit.

274 1410 349 1468 Cum
363 1407 464 1467 verine
475 1406 645 1468 orationum
657 1408 829 1468 occasiones
840 1407 923 1487 ipsse
935 1408 1108 1486 postulent,
1129 1417 1165 1466 ut
1182 1404 1310 1467 consilis

210 1488 342 1553 debello
357 1492 487 1570 gerendo
500 1489 713 1551 Demosthenes
725 1511 782 1570 pro
795 1493 878 1552 vario
892 1511 992 1551 rerum
1005 1501 1085 1552 stetu
1095 1491 1310 1563 irmnutsverit,

209 1579 367 1655 rideamus
388 1580 477 1636 etiem
498 1576 536 1635 de
561 1576 630 1635 loco
653 1575 701 1634 01.
719 1575 771 1634 ΙΙΙ.
792 1596 824 1655 p.
842 1581 890 1642 14.
909 1576 998 1641 teo.
1022 1577 1074 1636 ubi
1091 1576 1206 1656 duplici
1221 1594 1309 1635 excr-
1373 1647 1376 1657 ι

210 1663 292 1737 citu,
313 1662 405 1721 altero
429 1662 461 1719 in
474 1659 678 1720 Macedoniam
696 1660 889 1738 profecturo,
912 1659 1004 1721 ultero
1017 1660 1185 1740 Olynthum
1205 1659 1310 1719 delen·

210 1767 283 1807 suro
295 1746 406 1819 bellum
420 1744 642 1823 suscipiendum
653 1752 720 1804 esse'
727 1744 892 1806 rationibus
903 1742 1021 1804 'idoneis
1035 1744 1174 1805 ostendit.
1218 1742 1312 1817 Quod

211 1850 305 1910 quum
322 1814 362 1904 in
377 1828 435 1887 hec
455 1829 589 1888 oratione
606 1829 670 1888 sole
691 1839 847 1905 occurret,
868 1829 933 1890 iure
948 1829 1036 1889 nobis
1052 1829 1190 1890 videmur
1206 1828 1310 1887 intor-
1367 1840 1373 1855 “

210 1934 334 1992 rogere,
356 1913 430 1993 quid
450 1912 490 1972 ad
510 1913 713 1994 quaestionem
731 1915 918 1995 propositam
936 1915 1036 1974 facist.
1058 1913 1197 1973 'Etenim
1215 1909 1310 1970 huius

210 2000 256 2059 rei
273 1999 421 2058 rationem
440 1999 528 2057 elium
547 2018 606 2057 non
628 1998 846 2077 conspicimus,
870 2018 960 2078 quern
971 1998 1108 2079 .pr·ioris;
1129 2016 1222 2076 quum
1234 2016 1310 2076 pro-

210 2084 292 2144 lecto
304 2084 500 2158 miraremur,
512 2082 547 2141 si
565 2083 651 2142 initio
670 2092 786 2143 tentum
808 2085 966 2145 consilium
982 2082 1078 2142 hocce
1090 2092 1194 2142 orator
1206 2080 1310 2140 dedis·

210 2178 276 2243 set,
312 2168 346 2227 in
372 2167 496 2246 reliquis
516 2177 614 2226 nutem
635 2166 819 2228 orationibus
844 2168 1105 2249 praetermisisset,
1139 2182 1311 2244 quenquam

211 2272 283 2313 suos
301 2273 366 2313 eam
383 2253 461 2312 viem
487 2251 652 2330 neglexisse
673 2251 804 2312 videbat.
851 2254 963 2311 Contra
984 2252 1095 2331 optime
1114 2248 1190 2309 haec
1211 2249 1308 2309 orotio

211 2339 301 2398 tertio
324 2338 394 2396 loco
411 2335 548 2415 ponitur:
577 2336 663 2395 initio
683 2337 761 2395 enim
780 2335 959 2409 sufficiebat,
988 2336 1013 2394 si
1034 2336 1165 2393 animum
1179 2333 1308 2413 lirmsre,

117 2454 119 2459 ,
210 2431 325 2481 metum
339 2420 444 2480 eiicere
455 2420 622 2497 contigeret
636 2421 831 2496 ostendendo,
851 2422 924 2480 sotis
936 2420 1039 2480 edesse
1051 2420 1172 2479 virium.
1201 2418 1311 2495 Postes¹

43 2526 47 2533 ·
170 2508 303 2580 livero,
333 2523 403 2562 cum
422 2524 486 2563 rem
509 2504 546 2563 cb
573 2505 608 2562 iis
627 2504 743 2565 videret
771 2513 932 2580 tentatam,
963 2503 1053 2563 modo
1080 2513 1179 2562 eutem
1203 2520 1311 2580 perum

135 2631 141 2643 .
212 2589 338 2657 idoneo,
361 2588 401 2645 ita
422 2597 456 2646 ut
474 2598 538 2647 tota
555 2588 616 2648 sere
635 2589 823 2663 concideret,
845 2600 910 2648 tum
925 2609 1013 2668 quom
1034 2588 1160 2646 stroxime
1180 2585 1311 2646 oratoris

212 2683 292 2747 eret,
319 2673 399 2730 viam
424 2673 598 2747 osteiidere,
637 2691 696 2750 que
713 2673 938 2751 ingrediendum
962 2682 1056 2747 esset,
1084 2671 1174 2749 idque
1196 2688 1256 2727 non
1277 2670 1311 2727 in
1355 2732 1365 2745 ‚

211 2757 395 2831 universum,
418 2756 471 2816 scd
485 2757 646 2831 cornelius,
669 2777 729 2834 quo
743 2760 834 2836 relegis
850 2758 888 2817 ed
901 2758 1017 2835 singule
1035 2774 1172 2834 quaeque
1183 2753 1310 2815 descen-

213 2840 312 2905 debet.
355 2841 394 2903 Et
405 2841 448 2902 sic
464 2842 526 2903 sere
543 2840 576 2900 lit
593 2841 625 2907 in
638 2843 808 2921 orationum
824 2853 991 2905 nostrorum
1004 2840 1117 2901 ultime.

664 3065 867 3081 Μ

743 3242 789 3318 V.

91 3382 95 3389 '
214 3393 506 3458 monimine
528 3395 825 3460 concocsmo
844 3397 1012 3461 eroro
1034 3346 1336 3459 cremonen

410 3592 421 3607 „
507 3495 1015 3565 usnmorosrocmon.
1098 3602 1104 3610 ‚

279 3666 469 3728 Perluetre'tis
493 3668 650 3728 momentis
675 3668 817 3747 singulis,
845 3691 921 3751 quse
942 3669 1185 3751 adprobandum
1198 3669 1316 3750 Diony-

215 3757 332 3814 siunum
352 3752 487 3812 ordinem
510 3754 631 3812 seorsim
645 3755 766 3813 tractari
778 3767 920 3836 possunt,
943 3776 1064 3836 operam
1078 3759 1207 3834 aliquem
1223 3755 1315 3817 etiem

215 3840 244 3900 ei
261 3835 505 3916 argumentationi
526 3855 685 3913 iteremus,
709 3859 766 3919 qus
775 3883 784 3916 ‚
807 3842 832 3900 si
846 3862 915 3901 cum
926 3840 993 3899 illis
1003 3840 1169 3901 rationibus
1185 3859 1315 3899 cousen-

214 3924 304 3997 serit,
326 3918 409 3980 nullo
429 3930 532 3999 potest
551 3941 615 3980 esse
629 3917 759 4000 firmior,
779 3925 835 3986 sed
846 3927 936 3987 etiem
951 3923 1078 3985 debilior
1088 3923 1191 3999 nulle,
1211 3924 1265 3984 ubi
1280 3923 1313 3983 in

216 4028 247 4067 ee
262 4007 326 4065 sole
338 4005 409 4064 nixo
422 4002 487 4064 rem
502 4002 663 4066 decernere
680 4028 752 4068 auso
764 4011 835 4070 orit:
858 4031 925 4071 eum
939 4008 1018 4085 dico,
1040 4028 1117 4088 quae
1133 4029 1223 4070 sensu
1234 4027 1317 4087 quo·

215 4090 284 4150 dem
304 4091 370 4151 veri
391 4097 424 4151 et
440 4095 524 4149 tsctu
544 4090 653 4168 inagis,
682 4111 770 4171 quem
787 4094 856 4154 visu
876 4093 1036 4174 reperitur.
1079 4091 1167 4169 Quse
1186 4093 1265 4154 ratio
1277 4102 1316 4153 ut

214 4183 279 4233 tum
295 4175 416 4234 demum
434 4185 617 4235 momentum
630 4173 718 4251 lecit,
739 4176 791 4237 ubi
805 4179 912 4239 ceteris
925 4178 1092 4239 rationibus
1107 4179 1251 4254 secessit,
1269 4176 1314 4237 its

215 4277 305 4340 saepe
333 4256 393 4321 hoc
413 4266 531 4355 mutum
555 4259 720 4346 desiderari
738 4271 857 4347 potest,
890 4272 928 4326 ut
943 4263 1010 4341 illis
1039 4284 1101 4328 non
1127 4258 1322 4333 adventu!
