2768 4724
127 218 131 229 '
193 221 237 285 52
534 206 948 279 PRAEFATIONES

195 396 322 467 propter
336 387 534 467 amplissimas*
547 402 620 463 opes
632 380 721 462 (quae
735 389 764 438 et
776 380 859 458 ipsae
879 380 994 457 insigne
1007 382 1062 440 Dei
1083 383 1196 444 doraum
1212 396 1292 460 aunt,

195 486 226 547 et
247 485 328 545 bona
348 508 383 545 ac
404 487 529 568 sapienti
552 487 619 544 viro
639 481 828 540 luculentum
845 482 967 542 virtutis
980 482 1223 559 instrumentum)
1240 506 1292 546 sn-

194 588 377 667 spiciendus,
407 598 438 646 et
455 596 582 667 propter
598 581 824 645 beneficentiam
847 590 877 642 et
895 583 1291 645 liberalitatem·eotandua:

195 710 247 749 eae
267 699 336 748 sunt
347 688 456 766 ingenii
470 698 500 747 et
512 687 603 746 enimi
620 685 665 743 tui
679 683 774 756 dotes,
795 692 831 741 ut
846 685 933 743 efiam
949 684 1012 744 sina
1032 687 1169 745 fortunae
1188 686 1293 766 splen-

195 791 269 850 dore
295 790 328 848 in
348 788 460 867 magnis
477 787 551 846 viris
573 805 652 844 esses
674 785 885 847 numerandus.
938 787 1116 867 Quanquam
1136 787 1290 865 enim0ego

193 900 225 952 te
248 910 350 951 coram
371 908 524 968 nunquam
544 887 618 961 vidi,
640 896 749 946 natura
762 896 863 946 tamen
879 888 922 947 ita
937 889 1007 963 lert,
1028 899 1073 964 ut,
1100 888 1246 967 quicquid
1258 889 1290 946 in

103 994 105 998 ’
193 993 285 1053 rebus
301 991 438 1049 humanis
454 991 582 1064 excellit,
605 989 727 1047 auribus
746 990 848 1066 magis,
872 1008 961 1067 quana
976 991 1082 1065 oculis,
1103 989 1288 1048 celebretur:

141 1078 159 1104 '¹
193 1094 277 1174 qnod
298 1095 375 1151 sama
395 1092 547 1151 dimanare
567 1080 655 1150 facila
675 1092 715 1150 ad
729 1092 850 1166 multos,
873 1091 976 1151 eadem
990 1090 1114 1151 videndi
1128 1091 1214 1169 copia
1227 1110 1289 1149 non

193 1195 330 1259 onanibus
350 1193 521 1266 contingere
551 1200 660 1273 potest.
713 1180 889 1252 celebratur
914 1193 1054 1252 amultis
1075 1193 1172 1270 iisque
1197 1212 1286 1272 praa-

192 1295 338 1356 stantibus
349 1293 423 1353 viris
444 1293 571 1353 felicitas
592 1293 703 1370 ingenii
715 1294 775 1367 tui,
807 1294 889 1373 quod
910 1296 1081 1373 ubicunque
1103 1293 1286 1367 intendatur,

190 1398 298 1469 valeat,
326 1404 389 1453 tam
413 1393 642 1474 philosophicis,
665 1412 754 1472 quam
776 1394 914 1453 civilibus·
938 1397 968 1453 in
986 1397 1093 1455 rebus:
1116 1396 1286 1454 celebratur
1335 1409 1345 1417 ‘

190 1496 333 1571 eruditio,
365 1512 424 1573 qua
445 1497 469 1554 si
489 1494 583 1555 velles
601 1494 640 1552 ad
662 1496 890 1556 ostentationem
910 1498 968 1572 uti,
999 1498 1089 1556 animi
1107 1498 1153 1556 tui
1170 1497 1284 1555 consci-

191 1588 273 1660 entia
290 1618 352 1657 non
376 1604 542 1667 (tornentur,
564 1595 629 1672 ipsc
649 1615 758 1653 nornen
772 1604 857 1655 tuum
870 1616 976 1674 posses
988 1598 1110 1659 tradere
1124 1597 1284 1656 memoriae

189 1698 386 1780 posteritatis.
430 1696 533 1774 Neque
556 1693 588 1752 id
602 1695 709 1752 mirum
723 1696 821 1755 videri
838 1697 935 1756 debet.
979 1700 1063 1757 Solet
1080 1698 1204 1757 enimin
1220 1700 1283 1757 cla-

188 1803 230 1861 ris
253 1799 371 1859 familiis
390 1797 477 1874 vigor
498 1814 533 1852 ac
552 1794 598 1853 vis
621 1805 745 1855 naturae
767 1817 830 1856 csse
843 1799 947 1860 maior.
995 1798 1107 1858 lleindo
1132 1799 1282 1857 accedunt

188 1904 246 1961 alia
270 1881 444 1973 commoda,
472 1896 605 1955 liberalis
625 1896 777 1972 educatio,
807 1901 918 1959 eruditi
937 1908 1166 1981 praeceptores,
1195 1909 1280 1958 man—

187 2004 314 2084 qnillum
341 1999 451 2074 otimn,
477 1997 591 2056 iustum
611 1996 746 2066 discendi
770 2001 908 2078 spatium,
930 2002 1111 2082 optimorum
1133 2001 1279 2061 librorum

186 2106 288 2185 copia:
311 2120 386 2180 quac
408 2082 515 2178 maman
533 2120 570 2158 ex
590 2099 676 2176 part‘e
687 2097 823 2161 homines
836 2113 941 2162 tenues
958 2102 1133 2162 destituunt.
1155 2123 1191 2161 ac
1205 2124 1280 2183 pro·
1334 2096 1337 2100 ¹

183 2190 258 2265 inde
278 2202 533 2262 commiseratione
559 2201 662 2279 potius
690 2219 780 2279 quam
810 2202 1003 2263 insectatione
1022 2202 1148 2282 dignum
1170 2215 1225 2280 eat,
1253 2207 1279 2264 si

185 2307 293 2388 quibus
308 2304 425 2382 ingenia
436 2296 571 2360 la'o'eralia
586 2303 786 2379 contigerunt,
809 2324 843 2363 ca
860 2305 998 2364 fortunae
1016 2305 1173 2383 iniquitate
1183 2308 1291 2367 veluti·

183 2406 374 2469 sordeseere:
403 2405 435 2460 in
457 2412 541 2462 tanto
566 2404 743 2481 praesertim
766 2414 928 2464 contemtu.
944 2406 1093 2465 bonarum
1112 2408 1276 2482 literarum,

182 2500 213 2569 et
226 2508 438 2578 Maecenatum,
461 2504 513 2581 qui
528 2524 577 2562 aas
590 2504 721 2580 foveant,
744 2509 904 2590 paucitate.
948 2509 1017 2580 Quo
1031 2508 1166 2591 tu'etiam
1180 2509 1275 2565 maio-

157 2671 160 2675 *
180 2630 245 2669 rena
255 2607 376 2666 laudens
389 2599 522 2679 mereris,
544 2601 671 2664 Ioannes
684 2604 792 2667 Iacobo
810 2607 949 2689 lisggera,
973 2608 1024 2685 qui
1035 2608 1165 2686 ²praetcr
1181 2607 1291 2685 bane-j

178 2709 328 2770 dicentium
350 2709 382 2766 in
396 2705 531 2764 homines
547 2705 676 2765 afflictos
690 2715 721 2766 et
738 2707 861 2766 miseros
877 2709 1082 2786 quotidianam
1098 2706 1163 2788 (qui
1175 2711 1273 2767 veris—

177 2812 271 2872 simus
297 2816 327 2866 et
340 2808 402 2865 Deo
424 2806 619 2884 gratissimus,
641 2807 740 2884 generi
761 2810 933 2868 mortalium
954 2809 1130 2869 utilissimus
1152 2811 1273 2870 divitia

177 2910 246 2975 rum
263 2912 381 2970 fructus
407 2917 466 2982 est,
489 2916 519 2966 et
542 2927 603 2965 una
622 2908 994 2992 stabiliendorum'opum
1017 2922 1048 2970 et
1070 2911 1109 2970 ad
1131 2922 1270 2990 posteros

175 3010 439 3097 propagandarum
458 3007 633 3094 firmissima,
651 3009 748 3084 ratio)
775 3012 944 3091 complures
972 3011 1139 3087 ingeniosos
1166 3013 1270 3072 adole-

175 3121 291 3174 scentes
304 3109 348 3190 (id
363 3108 444 3188 quod
458 3127 572 3187 regum,
595 3117 624 3167 et
636 3111 817 3190 principum,
840 3122 871 3171 et
893 3112 1052 3170 civitatum
1076 3132 1185 3172 munus
1208 3116 1267 3194 eat)

172 3217 235 3276 tuis
256 3213 402 3272 enantibus
428 3232 490 3270 non
510 3210 656 3270 modo'in
678 3211 851 3286 Germania,
874 3212 927 3271 sed
949 3211 982 3271 in
1002 3214 1105 3272 Galliis
1128 3215 1215 3274 etiam
1239 3225 1269 3276 et

171 3318 258 3377 ltalia
279 3315 406 3391 benigne
420 3313 506 3370 sores
527 3319 558 3369 et
580 3319 739 3385 sustentas,
762 3311 834 3372 dum
858 3334 1005 3374 summum
1026 3315 1181 3375 doetrinae
1199 3337 1267 3395 gra-

171 3418 244 3478 dum
270 3423 475 3494 assequantur.
529 3410 642 3487 Inque
666 3412 900 3474 laudatissimum
924 3419 1094 3498 exemplum
1115 3413 1266 3475 Ramnnda‘

87 3506 90 3511 ⁸
169 3517 274 3601 patris,
298 3527 329 3575 et
340 3513 471 3575 Antonii
486 3510 589 3590 patrui
608 3512 664 3584 tui,
697 3513 929 3577 clarissimorum
943 3519 1091 3592 virorum,
1114 3518 1264 3596 sapienter

167 3616 309 3678 imitaris:
332 3613 385 3692 qui
396 3618 514 3690 praeter
535 3620 649 3671 caetera
675 3625 857 3694 ornamenta,
880 3619 990 3698 quibua
1011 3617 1145 3678 abundat
1166 3614 1262 3674 lione-

167 3720 295 3780 atissima
306 3720 404 3773 vestra
419 3711 540 3786 familia,
555 3713 752 3775 immortalem
768 3738 801 3776 ea
814 3740 847 3778 re
861 3720 985 3797 gloriam
999 3720 1054 3779 sibi
1067 3702 1260 3799 pepererunt.

165 3822 234 3883 Non
248 3818 326 3878 enim
342 3813 474 3889 ingratae
487 3823 557 3871 sunt
573 3814 682 3890 Musae,
706 3811 875 3897 quanquam
891 3823 980 3879 orbae
995 3830 1023 3879 et
1034 3821 1186 3878 indotatae
1199 3838 1261 3896 pu-

165 3906 427 3991 enaa'videantur,
455 3915 503 3976 vcl
525 3917 691 3976 cultoribus
713 3920 763 3977 vol
776 3922 909 3998 patronis
931 3922 1008 3995 suis,
1039 3920 1092 3979 sed
1113 3929 1260 4000 utrosque

159 4023 288 4095 ,honesta
319 4019 398 4076 sama
423 4026 452 4077 et
482 4019 609 4079 nominis
640 4018 780 4078 memoria
809 4023 990 4101 sempiterna
1017 4032 1255 4081 remunerantur.

162 4122 247 4195 Quae
265 4122 397 4201 praemia
418 4121 468 4200 qui
489 4121 661 4193 contemnit,
684 4128 736 4178 aut
752 4122 842 4200 parvi
862 4106 953 4197 facit,¹
967 4142 1035 4182 eum
1057 4133 1110 4181 ant
1134 4123 1258 4182 celsitu-

160 4220 230 4284 dine
243 4220 331 4282 aninai
345 4222 407 4281 lleo
424 4222 614 4295 simillimum,
639 4222 690 4277 ant
714 4220 945 4281 abiectissimum
959 4221 1112 4284 bominem
1125 4242 1188 4282 esse
1201 4243 1255 4283 ne-
