2768 4724
131 199 257 271 ‘ss
365 198 372 214 “
511 191 960 274 PRAEFATIONES„

140 376 229 435 -iam
247 384 303 435 est
310 375 474 438 absolutus.
518 375 579 449 Qui
599 333 653 436 ub'i
673 332 827 435 couleetas
841 375 948 451 fucrit,
970 377 1058 438 simili
1071 379 1137 458 lege
1153 386 1268 441 ucen-

170 479 283 539 ditione
299 479 371 538 isxo
387 488 423 538 ut
436 477 629 545 distmhatur.

232 598 400 658 Monsndus
414 616 446 656 es
460 617 568 677 porro,
591 595 684 654 amice
698 595 813 671 lector,
833 597 921 657 nobis
940 596 1001 658 ism
1014 599 1186 660 institutum
1202 619 1268 659 esse

140 730 144 737 2
169 700 307 761 secundis
322 699 470 774 consiliis,
492 718 569 778 quae
588 695 749 774 aliquunde
771 696 887 760 ratione
905 701 1048 778 vincunt,
1069 702 1160 773 telam
1177 701 1267 773 hono,

169 822 259 881 quem
278 811 382 860 texere
402 800 608 878 occoepimus,
630 798 663 857 in
675 797 809 876 quinque
822 801 885 861 sive
899 812 1020 881 partes,
1037 790 1101 863 sivo
1113 803 1267 863 volumine
1319 877 1322 881 .

168 903 347 982 dispescere.
394 901 510 961 Auctor
524 901 606 980 ipso,
626 919 689 958 non
708 899 855 959 Wolfiano
877 905 971 982 magis
993 907 1138 983 consilio,
1175 924 1267 984 quem
1322 957 1325 961 .

167 1022 276 1082 genere
287 1003 479 1077 concionum,
501 1002 713 1081 quadrifariam
736 1002 935 1063 distribuitur.
979 1007 1049 1080 Quo
1067 1008 1161 1087 igitur
1179 1008 1268 1066 sisso-

166 1107 242 1181 luto,
263 1115 362 1164 tomus
373 1104 425 1164 ille
441 1112 611 1183 postremus
623 1103 759 1183 accipiet
782 1104 862 1163 inter
877 1105 944 1182 ulis,
966 1119 1167 1185 monumenta,
1187 1127 1266 1188 quse
1328 1143 1334 1162 ι

3 1224 7 1231 ’
74 1216 76 1220 ‘
146 1189 240 1266 ¹vett
261 1209 424 1286 scriptores
441 1204 479 1265 de
502 1205 564 1265 rite
586 1205 748 1286 scriptisve
763 1204 969 1267 Demosthenis
990 1220 1048 1271 etc.
1068 1211 1163 1271 literis
1188 1228 1265 1269 con-

92 1334 100 1345 -
139 1372 141 1378 ,
167 1309 336 1385 signarunt:
359 1307 477 1388 Ulpisni
490 1309 687 1388 aliorumque,
711 1327 788 1386 quae
808 1310 1127 1390 comparasipossunt,
1149 1310 1265 1370 scholia

166 1411 204 1468 sd
226 1418 342 1477 termus
362 1410 584 1471 accommodate
606 1420 638 1471 et
659 1432 677 1469 ιι
694 1409 809 1469 mendis
832 1421 1006 1490 repurgato:
1037 1432 1147 1472 novam
1167 1412 1264 1471 aduo—

165 1515 312 1575 tstionum
330 1516 455 1599 seriem„
488 1513 514 1572 si
537 1533 595 1593 qun
615 1512 691 1570 sorte
713 1523 874 1572 occsurant
887 1515 937 1573 rel
957 1515 1135 1595 explicatius
1151 1512 1265 1575 coufir-

165 1616 288 1693 mands,
309 1616 360 1675 vel
375 1613 410 1672 in
429 1606 536 1674 melius
550 1613 704 1679 mutanda:
727 1614 880 1674 MStorum
896 1615 1040 1676 lectiones
1059 1614 1173 1690 varias,
1188 1636 1263 1695 quas

164 1723 196 1780 in
211 1721 289 1779 notis
302 1717 420 1778 nostris
433 1735 494 1774 non
510 1715 672 1792 attigimus:
693 1714 826 1777 Iudicem
845 1716 973 1798 denique
985 1718 1119 1778 Atticum
1133 1718 1265 1779 locutio—
1302 1763 1305 1769 -

164 1844 235 1885 num
251 1823 437 1882 uberrimum
451 1825 541 1896 atque
556 1827 737 1878 accuratum.
976 1797 984 1815 ’

228 1941 362 2001 Patietur
382 1958 477 2016 aequo
501 1937 599 1995 animo
621 1939 718 1997 lector
737 1954 865 1996 insusse
882 1956 960 1996 ame
981 1936 1080 1997 denuo
1101 1939 1263 2019 obsecrari,

164 2045 210 2104 uti
222 2044 297 2104 nolit
312 2043 363 2103 vel
374 2042 544 2116 MStorum,
567 2040 591 2099 si
605 2059 664 2118 qun
678 2039 784 2111 suerit,
807 2039 958 2115 notitiam,
979 2040 1028 2099 vel
1040 2041 1073 2100 in
1086 2041 1264 2105 Demosthe·

107 2127 109 2130 Α
164 2167 232 2206 nem
249 2147 476 2206 observatorum
489 2162 578 2202 usum
592 2139 666 2200 mihi
681 2139 825 2200 invidere.
847 2141 1009 2221 Utriusque
1031 2125 1263 2220 generisexeiu.

163 2249 214 2328 pla
225 2249 372 2328 plurima,
394 2256 548 2319 currente,
570 2253 606 2303 ut
619 2243 720 2318 aiunt,
735 2250 819 2318 rota,
839 2241 954 2301 lubenti
969 2253 999 2303 et
1014 2247 1179 2322 gratissimo
1196 2251 1261 2309 sni-

163 2372 213 2408 ιιιο
232 2372 279 2410 me
304 2351 454 2448 accepisse
477 2345 630 2428 praedico.
672 2345 720 2404 lile
744 2345 858 2404 interea
879 2363 1020 2424 meosque
1040 2367 1126 2408 curas
1143 2351 1262 2413 favente

165 2452 280 2526 ausimo,
308 2449 444 2530 quisquis
463 2469 511 2524 es,
538 2448 686 2527 accipito,
711 2466 809 2525 neque
831 2447 948 2504 nescius
975 2458 1053 2525 esto,
1080 2469 1127 2509 me
1154 2451 1185 2509 in
1211 2452 1261 2528 iis,

165 2571 242 2631 quae
261 2496 368 2626 sidem,
392 2548 587 2627 modestiam,
616 2558 669 2609 aut
690 2545 921 2608 sollicitudinem
943 2528 1129 2629 desiderant,
1151 2554 1243 2614 Demo

166 2653 263 2715 atheni
276 2675 336 2714 ιιοιι
351 2652 533 2713 deluturmn.

601 2874 806 2895 *-

463 3036 709 3125 conspectus
735 3041 963 3101 Editionunr

129 3141 140 3177 “·
165 3128 622 3224 Μιιιιιιοιίριοιιιιιιιμιο,
649 3157 828 3200 unacum
847 3142 977 3216 notis,·
994 3143 1136 3221 quibus
1157 3165 1261 3208 com·
1328 3138 1334 3147 ’

418 3247 550 3326 pendii
581 3246 710 3324 grstia
743 3243 1007 3324 designantur.

225 3394 321 3478 Ala]
343 3398 443 3461 Editio
455 3396 659 3459 Demosthenis
674 3398 799 3473 Graeca,
812 3395 944 3480 venetiis
955 3408 1119 3478 procurata
1132 3400 1168 3460 ab
1178 3422 1259 3462 sano

165 3520 216 3559 ιιο
229 3519 386 3579 usserio,
407 3523 434 3560 u.
456 3498 627 3567 1504.F01.
644 3497 732 3558 quta
748 3498 831 3558 istud
853 3500 1006 3578 exemplar
1027 3500 1178 3582 descripta
1196 3513 1260 3565 erat

47 3662 50 3669 ,
164 3601 263 3663 Editio
275 3601 409 3669 Basileus
424 3600 617 3681 impresseris
631 3599 779 3678 Huuagio
800 3600 892 3667 1632
909 3599 973 3661 Fol.

215 3702 386 3800 ¹deliciano]
406 3719 506 3781 Editio
529 3719 658 3796 Grsecs,
679 3741 748 3781 rara
769 3721 1016 3799 stsmeuduti013
1038 3739 1128 3800 quam
1140 3721 1262 3783 curavit

164 3844 185 3883 1.
199 3841 286 3911 suan.
306 3841 496 3900 rssrcunus,
532 3824 685 3903 impressit
709 3835 809 3885 sutem
825 3823 955 3884 Venetiis
977 3823 1154 3881 Franciscus
1177 3823 1259 3883 Bru-

164 3925 262 3984 ciclus
276 3924 366 3990 1548.
382 3927 420 3997 8.4
454 3915 539 4001 Hanc
555 3926 653 4001 etiam,
674 3946 713 3985 ne
724 3925 845 3985 literula
858 3924 981 4002 quidm
992 3922 1156 4001 huninidis,
1175 3926 1257 4007 typis

166 4027 227 4096 stu's
238 4025 365 4105 exprimi
379 4024 477 4085 voluit
488 4024 654 4104 fluuagius
665 4027 734 4087 Bas.
751 4028 841 4093 1547-
856 4033 886 4094 8·

229 4141 368 4224 Manus]
403 4144 503 4206 Editio
521 4146 651 4219 Graeca,
682 4147 755 4206 satis
782 4153 978 4205 secuntus
1003 4146 1134 4208 melioris
1157 4154 1257 4227 notre,

164 4250 255 4323 qutsn
265 4245 348 4306 dedit
360 4266 474 4307 rannus
485 4267 639 4309 ιιιιιιιιιιιι
655 4247 783 4317 venetiis
797 4248 893 4314 4554.
905 4252 936 4313 8.
