2768 4724
190 224 252 286 132
395 192 1072 281 .:anemuriu-cresconium..

188 400 299 453 anemo
310 393 380 453 leco
395 390 565 467 nominavi,
577 386 792 472 ‡qnique·lrenc
806 388 970 450 orationem
984 390 1140 452 ieiunitate
1155 392 1294 455 laborare
1349 434 1356 457 .

187 477 280 553 dicit,
302 496 398 557 aeque
415 497 451 539 ac
470 477 694 556 lugarium,
715 475 794 536 illud
808 475 938 535 maxime
958 476 1082 535 offendit
1094 512 1108 551 ‚·
1126 481 1210 557 qued
1224 486 1295 539 ori*-
1344 490 1349 499 “

187 573 239 623 tor
252 583 284 644 Ρ.
300 567 372 635 140,
385 566 438 629 26.
455 562 552 640 legem
571 560 610 621 de
631 559 761 639 pecunia
783 557 942 633 theatrali,
964 558 1062 638 'quaen
1080 565 1187 640 puucia
1209 566 1295 624 ennie

185 658 257 707 ante
280 647 432 726 antiquari
449 648 600 713 uoluunt,
619 643 787 725 concipea
809 644 971 715 euatinnat,
999 644 1101 725 itaque
1119 668 1223 711 neum
1234 668 1297 730 pu-

187 741 267 811 gnet
311 729 371 792 Sed
389 731 539 792 accedunt
555 728 646 789 etiem
664 726 741 805 elie,
768 748 848 807 quae
865 750 884 787 a
906 727 1107 791 Demoethene
1119 733 1217 793 olienu
1229 754 1297 794 ecee

128 830 132 839 ’
188 816 311 878 dixerin
357 814 454 889 Quem
473 832 567 893 quum
585 810 742 873 videmur
763 813 880 893 ,celeria
903 813 936 873 in
960 816 1184 878 oriturarum
1207 820 1296 899 aequi

187 902 337 962 rationem
358 900 396 959 ed
418 897 531 971 emmor
552 916 606 971 eo,
636 917 698 976 quo
716 897 809 974 velit,
837 897 1065 978 perducendoa,
1091 901 1124 960 in
1144 903 1222 963 Phil
1242 904 1293 963 tv.

85 1048 94 1063 ,
188 978 505 1062 imauuinrmtigebie
517 1000 665 1051 eurnmum
677 983 851 1057 nomiliam,
872 982 956 1061 quod
970 994 1079 1044 auctor
1093 997 1294 1066 persequutus

188 1073 243 1131 eit:
266 1072 349 1131 varie
366 1068 445 1129 enim
463 1075 576 1127 tractet
591 1087 685 1147 eaque
707 1088 770 1128 non
784 1078 856 1148 apto
873 1066 1145 1148 ordinediepoaitu.
1186 1072 1294 1132 Mo'de-

136 1208 141 1221 .
188 1148 265 1217 itiee
279 1154 409 1215 vidimua
419 1150 651 1213 Demosthenem
671 1151 806 1213 eludere:
827 1152 950 1213 ubinam
969 1172 1043 1215 vcro
1062 1154 1134 1213 talia
1148 1156 1294 1235 legemur

188 1240 221 1301 in
236 1241 298 1300 aiu·
310 1237 448 1317 ecriptie,
469 1247 505 1297 ut
516 1257 548 1316 Ρ.
563 1242 635 1310 132,
652 1243 698 1300 1.=
720 1237 977 1313 „omanomnina
993 1238 1142 1301 unumne
1153 1250 1185 1300 et
1199 1261 1293 1321 eupe-

63 1340 66 1345 '
187 1340 290 1385 remue
313 1322 498 1383 oratione“‘l
523 1322 641 1396 Quibue
661 1321 859 1397 conveniunt,
888 1342 966 1401 quae
987 1323 1043 1382 eub
1062 1323 1152 1384 linem
1169 1342 1202 1405 Ρ.
1220 1327 1291 1401 161,

29 1405 33 1417 ’
186 1413 240 1474 21.
259 1405 337 1467 dicit
352 1416 473 1468 orator:
497 1402 602 1482 „hoec
621 1408 713 1479 iere,
740 1405 855 1481 libere,
874 1407 1080 1487 eiorplioiter,
1095 1408 1242 1470 benevole
1260 1421 1293 1471 et

134 1542 138 1557 .
186 1488 354 1553 mussi-‘a
377 1502 449 1553 eunt
468 1489 569 1566 dicte,
590 1510 652 1551 uon
664 1489 884 1551 'ademtationie
900 1500 931 1551 et
946 1492 1120 1553 detrimenti
1131 1494 1291 1555 unaauia

148 1576 282 1659 topleue
299 1586 346 1637 eet
360 1575 439 1637 haec
457 1576 589 1636 oratio.“
635 1574 741 1655 Neque
761 1576 850 1635 etiam
868 1575 941 1635 boni
969 1579 1177 1639 oratorieeeee
1197 1578 1290 1651 dicet,

193 1661 314 1743 ecepiue
333 1664 379 1723 uti
396 1662 581 1737 iuramento,-
596 1659 688 1739 quod.
700 1669 807 1720 auctor
825 1657 889 1722 hui.
909 1680 955 1723 or.
975 1650 1099 1723 edlribe't
1117 1684 1149 1744 p.
1168 1668 1242 1741 133,
1260 1670 1292 1731 9.

195 1752 268 1822 136,
280 1752 310 1813 d·
324 1750 389 1825 26.Ι
402 1751 474 1822 133,
486 1747 518 1825 2.
532 1746 562 1810 6.
584 1745 710 1825 ahieque
722 1745 756 1803 iu
766 1744 852 1805 lucie.
893 1746 957 1805 lam
972 1738 1107 1808 eteinor'r
1120 1768 1223 1809 omnen
1241 1764 1292 1811 eea

171 1884 174 1889 .
191 1826 341 1907 virtuter,
360 1832 478 1912 quaein
492 1829 545 1891 Or.
557 1827 587 1891 d.
601 1828 706 1890 Halon.
720 1828 904 1907 desideravi,
924 1833 956 1890 in
967 1830 1024 1890 hac
1035 1831 1174 1893 decidere
1189 1833 1292 1893 decla-

192 1918 323 1977 melione
332 1950 376 1965 -
390 1915 540 1977 decideret
552 1935 626 1976 vero
641 1914 792 1975 Beckerue
804 1915 825 1974 l.
842 1914 864 1974 1.
879 1948 923 1962 -
931 1960 940 1990 ,
961 1924 1061 1977 tamen
1079 1917 1113 1977 iu
1124 1918 1183 1977 eliu
1196 1938 1293 1997 qnae-
1362 1948 1364 1959 ·

193 2002 263 2063 dam
282 2001 391 2077 incidi,
419 2021 495 2081 quae
521 1999 766 2061 Damoetlrenicee
784 1998 904 2061 dicendi
920 2000 1029 2061 rationi
1047 2012 1232 2083 repugnant,
1254 2015 1291 2064 ut

183 2106 216 2169 Ρ.
234 2076 312 2162 181,¹
326 2092 377 2157 12.
399 2078 422 2167 ἦ
446 2079 782 2186 duilyeee-eoumiep
807 2080 841 2149 ed
860 2083 980 2163 πλῆθός
1000 2085 1099 2165 ἐστὶν,
1121 2106 1211 2169 quem
1226 2108 1305 2153 non,

185 2169 314 2232 oll'arrdit
326 2170 407 2231 hanc
420 2170 595 2231 etruetura'l
623 2170 690 2230 Non
701 2190 795 2248 megia
806 2168 1014 2232 Demostheni·
1032 2192 1097 2233 eaoe
1111 2172 1219 2247 c'eneeo
1233 2164 1288 2238 air.

183 2253 500 2340 τιταρασκωᾶζεσθω
512 2275 544 2336 Ρ.
560 2260 631 2329 139,
646 2257 678 2321 6.
690 2264 721 2315 et
732 2250 926 2335 &nicaenae
935 2277 966 2337 Ρ.
980 2260 1051 2332 139,
1064 2258 1117 2325 26.
1139 2256 1181 2317 At
1192 2258 1288 2337 probe

184 2342 268 2416 ecio,
290 2341 315 2401 ei
332 2360 392 2421 qua
413 2342 446 2399 in
467 2360 517 2414 re,
545 2341 675 2399 maxime
694 2342 726 2399 in
748 2336 994 2420 luc-periculum
1014 2362 1094 2417 eece,
1115 2362 1155 2403 ne
1169 2352 1287 2403 noemet

183 2427 267 2507 ipaoe
288 2425 454 2485 intiudicio
472 2432 578 2484 noetio
599 2424 798 2504 decipiamua3
831 2444 927 2505 quare
945 2425 1000 2504 qui
1019 2424 1167 2487 benevolo
1187 2428 1288 2503 animo

183 2511 310 2571 meliora
325 2530 373 2570 me
389 2508 563 2584 docuerint,
584 2527 632 2569 me
654 2510 711 2568 aelii
736 2509 825 2570 valde
842 2508 1042 2588 obstringent:
1065 2520 1163 2590 certe,
1183 2521 1220 2571 ut
1233 2530 1288 2570 re-

72 2716 74 2721 .
182 2592 1288 2758 ssttltfflllttlinitlllffiltntltlffiltitt

183 2765 306 2827 maximi
322 2774 368 2826 eet
386 2766 520 2825 omnium
533 2764 692 2840 monenti,
714 2782 807 2844 quum
822 2783 924 2823 eneam
936 2763 1111 2843 praebuerit
1127 2762 1288 2825 dubitandi

184 2849 224 2911 de
243 2848 303 2909 lide
319 2849 409 2910 lruina
428 2848 610 2931 acriptiouie.
652 2848 779 2909 Etenim-
793 2858 823 2907 et
848 2848 1025 2927 singulae
1053 2848 1287 2928 eloquutio-

183 2954 255 2995 nee
278 2943 307 2995 et
324 2944 434 2995 totee
463 2932 771 2995 enunciationee
793 2954 828 2992 oc
849 2932 1012 3013 periodi
1034 2934 1224 2995 exoratione
1245 2933 1285 2994 de

180 3018 273 3080 rebue
285 3017 464 3079 Chersonesi
479 3028 561 3078 etex
573 3017 640 3078 aliie
660 3028 731 3078 eunt
746 3018 898 3077 desumtee
906 3061 917 3092 ,
934 3017 996 3091 iu,
1019 3027 1071 3094 ut,
1094 3019 1202 3097 paucis
1215 3027 1285 3078 tan-

119 3117 122 3128 ·
180 3112 246 3165 tum
259 3104 361 3163 verbio
374 3105 507 3176 mutatio,
522 3104 652 3183 plurime
668 3100 725 3162 eibi
739 3101 778 3161 de
790 3102 883 3161 verbo
898 3101 1086 3161 convenient
1108 3101 1155 3161 nd
1168 3122 1200 3182 p.
1209 3098 1290 3177 134,

179 3189 250 3255 6-
261 3192 312 3255 19.
331 3188 395 3249 vid.
409 3188 447 3248 de
462 3186 565 3249 Clrere.
579 3210 610 3269 Ρ.
624 3190 676 3261 99,
697 3192 767 3261 23.;
789 3185 828 3244 ed
843 3206 873 3265 Ρ.
889 3186 959 3260 136,
981 3186 1021 3251 16
1032 3216 1076 3230 -
1091 3192 1162 3261 136,
1178 3192 1208 3252 1.
1224 3190 1281 3248 cir.

180 3272 219 3334 tle
239 3268 342 3334 Cheru.
360 3277 431 3349 100,
451 3278 546 3340 19-
559 3278 630 3347 101,
645 3275 676 3337 3.
685 3293 694 3347 3
717 3271 755 3331 ed
770 3290 803 3349 Ρ.
819 3276 889 3338 137.
901 3276 923 3337 8
934 3300 979 3317 ·-
992 3274 1041 3337 18.
1057 3271 1113 3332 cir.
1128 3271 1166 3332 de
1178 3268 1292 3335 Clrere..

180 3379 212 3440 Ρ.
239 3362 310 3434 101,
335 3360 374 3425 13
399 3393 437 3407 -·
459 3359 540 3435 25·;-
564 3358 602 3416 td
623 3376 655 3436 Ρ.
677 3357 748 3432 137,
769 3361 867 3421 27·-
881 3356 952 3430 138,
966 3360 1019 3421 23.
1040 3355 1102 3417 vid.
1123 3356 1162 3418 de
1177 3354 1282 3418 Clrere.

178 3463 210 3524 Ρ.
227 3448 478 3519 101,26-102,
492 3447 560 3517 244
574 3442 655 3519 adp.
670 3436 744 3516 146,
757 3445 799 3505 29
811 3472 856 3487 -
870 3445 941 3514 146,
962 3444 1016 3505 29.
1036 3441 1099 3501 vid.
1116 3442 1157 3501 de
1179 3438 1282 3502 libera.

180 3548 213 3609 Ρ.
231 3534 302 3604 102,
317 3534 359 3595 23
374 3560 417 3576 ···
438 3534 509 3600 103,
524 3532 591 3602 26,
613 3524 652 3585 ed
664 3545 695 3606 Ρ.
714 3530 785 3600 147,
800 3531 837 3590 11
854 3556 894 3601 ·-,
912 3527 982 3599 160,
1004 3528 1035 3591 6.
1051 3526 1107 3586 cir.
1124 3526 1162 3586 de
1178 3525 1281 3586 (lbera.

163 3618 253 3690 ‚105,
274 3619 316 3679 29
327 3646 371 3663 -
386 3618 458 3688 106,
478 3617 529 3679 20.
574 3610 713 3669 Extrenu
733 3611 862 3691 denique
875 3630 946 3693 pare
960 3607 1147 3690 Philippicae
1160 3610 1210 3669 lv.
1225 3612 1283 3677 mi.

177 3699 258 3760 nime
276 3694 360 3779 capit*
373 3698 524 3777 ingenium
548 3692 769 3771 Deneoetlrenia,
797 3697 933 3775 quinon
955 3714 993 3755 eo
1014 3694 1122 3770 modo,
1147 3692 1281 3773 quo-hic

177 3784 292 3843 lactum
304 3784 392 3843 videa
399 3826 410 3857 ,
427 3780 576 3840 orationes
590 3778 675 3838 finire
691 3780 778 3841 eolet.
820 3782 867 3839 Ex
881 3780 929 3842 lrie
946 3780 1085 3839 omnibu
1100 3778 1280 3843 alterutrum

134 3877 166 3931 11
177 3876 290 3928 etetuce
298 3912 318 3945 „
328 3868 381 3927 aul
397 3862 626 3924 Demosthenem
638 3864 730 3924 modo
742 3865 847 3947 inepto
857 3873 888 3925 et
902 3865 1077 3927 ieetinmter
1089 3862 1279 3943 repetivieae,

178 3972 256 4032 quoe
270 3950 329 4013 iana
350 3949 486 4025 dixerut,
511 3960 565 4010 aut
584 3950 815 4011 declamatorem
834 3944 982 4029 aliquem,
1004 3946 1056 4026 qui
1069 3944 1293 4009 Demoetlrenie

176 4037 278 4098 verbio
291 4057 377 4099 auem
390 4035 556 4101 orationem
570 4055 678 4098 ornere
692 4036 798 4112 vellet,
817 4032 895 4095 lianc
908 4032 1064 4113 aeripeiaee
1080 4032 1278 4115 Philippioem

177 4134 324 4203 quartem.

239 4292 297 4354 Sed
311 4302 406 4356 restat
418 4311 453 4355 ee
470 4244 617 4367 oratio,
640 4276 730 4373 quem
744 4274 853 4375 liciter
860 4282 999 4351 hebuieee
1010 4286 1107 4351 luten
1121 4284 1167 4352 ed
1189 4292 1276 4369 epi-
