2768 4724
428 226 486 287 aa
516 225 651 309 enar.
679 225 881 289 ‚Patarea
908 226 961 287 ιιι.
1176 232 1240 297 aaa

148 391 343 479 οἷναγίνωστὲ.
372 396 549 475 Exemplum
565 397 784 476 lemingianum
803 395 897 457 verba
913 389 1083 478 a'raiyrecac
1100 420 1238 478 γραμμα-

146 485 228 545 τείου
244 482 342 554 addit,
358 500 433 559 quae
449 481 557 540 deaunt
571 483 706 557 Aldinae,
722 483 774 542 aed
786 483 819 543 ia
833 478 944 541 Harlei.
960 481 1158 558 reperiuntur.
1173 482 1238 543 Vo-

148 567 253 624 cabula
269 568 300 627 ἐκ
318 572 373 626 τοῦ
388 568 586 644 γραμματείου
604 559 816 642 ἀναγινώσκετε
833 561 907 645 (aio,
925 564 1007 642 quani
1022 565 1152 625 secunda
1165 586 1235 646 per.

146 672 217 709 eona
230 650 353 728 pluralia
370 648 460 727 ceant)
475 652 505 709 in
520 650 625 709 Aldina
643 652 762 729 Taylori
783 651 901 726 punctio
923 658 992 708 eunt
1011 648 1177 711 subnotata.
1198 648 1235 721 In

145 735 220 811 Aug.
236 734 326 793 tertia
339 734 430 792 verba
446 732 535 807 haec,
553 745 588 794 ut
605 734 728 808 titulae,
745 735 865 793 rubrica
881 742 972 793 erant.
987 752 1084 791 aaran.
1195 778 1198 785 .

211 820 244 876 P·
270 823 338 883 123.
358 838 388 876 v·
411 823 441 882 4.
454 819 486 880 la
502 824 558 881 τοῦ
571 820 769 898 γραμματείου
785 812 1079 898 deaptaaeanHaee
1092 815 1234 879 dicuntur

146 902 182 960 ab
198 912 318 961 oratore
330 902 368 960 ad
381 901 517 960 acribam.
541 903 652 961 Deinde
665 903 767 961 addidi
780 922 835 979 pra
847 902 935 961 titulo
945 893 1127 980 Hadranum
1138 922 1232 980 γραμ-

146 989 279 1065 ματείου.
301 986 359 1044 llic
376 988 502 1044 multum
523 987 590 1043 libri
610 990 736 1045 variant.
772 987 830 1044 Alii
847 986 952 1061 legunt
969 992 1004 1042 ut
1021 984 1161 1060 vulgata,
1179 983 1232 1045 alii

144 1090 239 1147 neque
251 1070 372 1129 titulum
386 1069 498 1127 habent
511 1090 607 1146 neque
619 1071 653 1131 ίκ
667 1075 724 1132 τοῦ
736 1072 936 1148 γραμματείου
953 1063 1153 1148 ἆναγίνωσιιεε
1164 1066 1230 1126 cod.

142 1155 178 1211 K.
192 1165 261 1232 post
277 1148 413 1232 ὄργεῖοθε
426 1153 498 1229 legit
513 1153 619 1211 littaris
637 1155 737 1213 rubria
754 1165 785 1214 et
803 1153 965 1213 maioribus
987 1152 1019 1215 la
1032 1156 1088 1215 τοῦ
1098 1174 1232 1232 γραμμα·

134 1239 222 1300 ’τοίου
244 1230 459 1316 ἀναγινώσκετε
475 1237 524 1293 ulii
545 1236 681 1315 deniqne,
700 1240 778 1297 inter
798 1257 872 1316 quoe
887 1237 949 1296 Fa.
962 1245 993 1293 et
1008 1235 1055 1295 ed.
1067 1237 1145 1310 Pan,
1160 1234 1232 1294 dant

139 1322 260 1379 titulum
282 1315 464 1400 Ἀνάγνωσις
486 1325 697 1401 γραμματείου.
723 1322 785 1380 Ηοο
807 1341 860 1397 ego
881 1329 1000 1380 occutus
1023 1338 1098 1379 aum.
1119 1338 1230 1379 auare.

140 1405 293 1463 Bekkerue
317 1412 352 1460 ut
370 1404 492 1462 titulum
519 1405 600 1467 dedit
636 1401 693 1486 (ίιι
709 1411 763 1470 τοῦ
780 1406 979 1488 γραμματείαν
999 1394 1230 1486 ἀναγιγνώσκει)

140 1497 354 1566 praetereaque
368 1487 452 1546 nibil.
474 1509 633 1549 conturna.

151 1647 160 1673 ,
203 1573 237 1630 Ρ.
263 1576 331 1634 123.
351 1591 380 1631 r.
404 1574 433 1636 5.
454 1567 659 1652 οίναγίνωσιιε]
692 1567 907 1654 ἆναγινοίστετο
926 1570 1032 1631 aldae
1067 1570 1129 1629 lmo
1154 1588 1228 1631 vero
1254 1630 1263 1639 ,

141 1651 340 1733 αναγινοίσκει
357 1656 388 1712 in
400 1656 578 1717 indicativo:
597 1678 665 1717 nam
679 1657 729 1716 bic
746 1667 790 1715 eat
809 1657 924 1715 titulus.
950 1655 1059 1713 Orator
1072 1652 1228 1713 eeribaeei

139 1737 190 1796 hic
201 1739 361 1817 imperaret
379 1740 537 1798 farinulam
553 1742 695 1816 recitare,
716 1743 761 1799 nil
776 1749 911 1799 uteretur
924 1739 1003 1810 illie,
1016 1738 1048 1801 ἒιι
1069 1743 1124 1800 τοῦ
1136 1756 1227 1817 rw

139 1824 270 1901 ματείου,
287 1820 340 1880 aed
353 1824 432 1882 nude
445 1833 475 1881 et
488 1825 627 1884 deatiiete
640 1826 753 1884 diceret
764 1819 956 1906 dorylaeum.
980 1821 1168 1881 Manifestum
1181 1829 1227 1881 aet

138 1907 207 1980 illa,
227 1907 260 1967 dae
280 1913 337 1966 τοῦ
355 1911 571 1986 γραμματείου,
593 1919 790 1987 οιοομοηοιο
809 1908 904 1980 tituli,
930 1905 981 1983 qui
998 1906 1043 1965 aio
1058 1914 1103 1964 aet
1123 1907 1227 1965 conoi-
1297 1972 1303 1983 ,

138 1990 280 2068 piandus:
298 1983 351 2049 Ἐκ
365 1994 420 2052 τοῦ
435 1995 640 2071 γραμματείου.
663 1992 710 2051 De
727 1989 844 2050 ecbedia
860 1987 909 2048 vel
922 1991 1056 2068 pittacio·
1067 1990 1226 2049 recitantur

137 2074 325 2153 maeque-ntia.
353 2065 570 2154 Ἀναγινῶσιιει.
596 2073 720 2135 ‘Scriba
740 2078 801 2134 iam
820 2075 933 2132 recitat.
973 2072 1107 2129 Recitata
1126 2080 1225 2129 autern

137 2158 265 2215 formula
283 2157 347 2234 ipaa
367 2179 422 2236 pro
436 2176 519 2218 more
538 2159 629 2219 deest.
652 2161 724 2218 Poat
739 2158 815 2216 haee
831 2155 977 2215 vocabula
992 2154 1225 2230 adduntvnlgae
1282 2214 1290 2231 Β

136 2250 186 2299 tae
203 2241 302 2301 adbuc
317 2236 499 2321 Ἀνάγνωσις
511 2246 725 2324 γραμματείου,
749 2242 833 2320 quani
851 2239 903 2298 laio
916 2257 1005 2304 verua
1018 2238 1123 2297 titulae
1137 2244 1224 2297 earet.

136 2325 245 2384 Verum
258 2325 366 2384 abeunt
379 2327 429 2386 illa
439 2348 459 2387 a
471 2329 610 2407 plurimis
626 2339 658 2387 et
670 2327 792 2406 optimis
806 2324 907 2385 libna:
918 2331 1100 2401 quapropter
1117 2318 1222 2383 delevi'.

135 2410 277 2469 Univeree
296 2411 418 2469 mirifice
430 2432 477 2469 me
493 2412 653 2488 perturbat
666 2411 716 2469 bic
736 2411 858 2477 titulun,
879 2407 933 2486 qui
952 2408 988 2466 ab
1009 2405 1068 2465 boe
1088 2407 1155 2468 loco
1179 2412 1224 2465 eat
1264 2478 1267 2483 Ι

137 2494 339 2550 alienissimus.
368 2495 508 2551 Rationes
527 2496 732 2571 pecuniariae,
749 2494 922 2571 plebicola,
942 2491 1126 2562 testimonia,
1141 2490 1225 2564 legen

137 2586 167 2634 et
182 2576 241 2631 alia
252 2576 322 2632 talia
338 2576 514 2634 documenta
524 2597 628 2635 caueae
641 2579 738 2635 nolent
749 2577 785 2634 ab
800 2575 967 2633 oratoribus
981 2574 1130 2633 recitanda
1143 2572 1223 2632 tradi

138 2659 243 2716 acribia
259 2668 289 2715 et
304 2659 339 2715 ab
356 2658 402 2718 hia
420 2660 551 2718 recitari.
574 2660 671 2736 Ecqui
689 2669 787 2717 autem
803 2677 935 2734 unquam
949 2658 1008 2714 suit
1023 2677 1101 2715 unua
1119 2667 1222 2719 orator

137 2741 267 2798 omnium
276 2785 284 2813 ,
300 2743 366 2819 qui,
386 2762 512 2820 qnorum
530 2753 636 2800 auctor
650 2744 763 2820 populo
777 2742 842 2799 sieri
858 2741 963 2809 vellet,
978 2760 1009 2797 ea
1019 2760 1080 2797 non
1093 2740 1227 2816 ipeeore·

137 2845 191 2882 ano
205 2825 388 2899 inculcaret,
408 2826 460 2884 aed
477 2826 513 2885 de
529 2827 642 2903 acripto
662 2824 814 2884 recitanda
831 2825 944 2883 acribae
958 2823 1111 2881 traderet?
1134 2822 1222 2880 Eine-

134 2909 215 2966 modi
231 2910 440 2967 auctoritatum
456 2929 488 2967 ea
504 2919 548 2968 eet
560 2920 682 2981 natura,
699 2918 733 2966 ut
747 2928 800 2967 ore
816 2909 910 2966 alieno
926 2908 1074 2985 prolatae,
1087 2915 1223 2987 praeter-

135 3015 223 3071 quam
238 2993 300 3050 eius
310 3038 319 3068 ,
339 3014 429 3071 aquo
441 2993 685 3097 proficiscantur,
702 3012 826 3071 prorsus
846 2991 995 3069 exspirent
1012 2999 1100 3064 atque
1118 2990 1222 3049 irritae

134 3078 282 3135 occidant.
296 3098 392 3135 aaran.
420 3083 458 3139 Ta
472 3069 786 3160 ἆναγιγνωσιιὸμενον,
802 3075 923 3155 opinor,
943 3075 1001 3132 suit
1014 3073 1140 3132 formula
1156 3073 1224 3150 ple-

132 3163 248 3233 bisciti,
267 3183 353 3240 quarn
374 3182 437 3220 moe
458 3172 522 3220 crat
536 3184 553 3219 a
568 3163 664 3220 acriba
683 3161 814 3219 recitari.
836 3159 952 3232 Quibus
969 3168 1065 3217 autem
1077 3156 1153 3220 illud
1171 3176 1229 3215 ra·-

133 3247 263 3305 tionibue
284 3266 411 3305 coronae
431 3246 703 3320 commendaretur,
726 3264 827 3303 amaea
842 3245 953 3301 Orator
975 3243 1033 3300 iam
1059 3247 1222 3321 peregerat.

134 3332 375 3401 Quaelleiekium
386 3330 608 3408 perturbarunt,
616 3320 682 3388 aaut
693 3332 799 3409 apinae
813 3330 959 3409 tricaeque
971 3340 998 3384 et
1014 3322 1122 3407 siquid
1133 3320 1222 3383 eilias

132 3413 204 3471 ιὀιίτ.
219 3433 377 3473 nemeaea.
772 3476 777 3485 ,
866 3450 870 3459 ·

197 3497 230 3552 P·
255 3502 325 3560 128.
347 3516 376 3555 v.
399 3499 430 3561 6.
452 3498 505 3570 τίς]
527 3499 616 3556 Deest
629 3495 781 3555 Harriaon.
804 3515 902 3555 rerer.
1211 3546 1214 3551 .

195 3579 228 3636 Ρ.
253 3586 322 3643 128.
344 3599 375 3637 v.
397 3586 427 3643 6.
451 3581 642 3657 βουλομένων
660 3576 717 3658 τὴν
732 3575 831 3656 πόλιν]
855 3576 908 3659 τὴν
925 3572 1014 3641 πόλιν
1028 3572 1220 3660 βουλομίνων

134 3661 208 3740 Aug.
223 3663 335 3740 primns
350 3675 379 3721 et
392 3664 475 3723 Harl.
496 3684 591 3722 aaran.

197 3748 230 3806 Ρ.
255 3754 325 3812 128.
348 3768 377 3804 v·
397 3753 428 3811 7.
449 3747 602 3825 τοιοῦτος]
617 3752 788 3824 τηλικοῦτος
804 3748 895 3806 Paria.
909 3748 1029 3824 quintus
1042 3754 1072 3802 et
1085 3750 1217 3818 aetiana,
1259 3796 1262 3801 .

135 3829 209 3906 Aug.
223 3833 337 3908 primus
354 3840 382 3889 ct
396 3831 558 3905 secundun,
574 3833 679 3889 Aldina
692 3833 814 3909 Taylori
827 3842 856 3889 et
867 3832 947 3889 llarl.
969 3848 1065 3887 aaran.

197 3916 227 3971 P·
252 3922 321 3982 128.
346 3936 374 3973 v.
397 3921 426 3979 7.
449 3909 527 3993 οἶοί]
556 3914 602 3973 Ad
627 3915 685 3975 hoc
708 3916 888 3974 vocabulum
910 3935 925 3971 e
946 3913 1019 3972 meio
1039 3909 1122 3968 libris
1142 3904 1219 3965 nibil

135 4000 282 4056 annotavi.
310 4000 436 4059 Wolfiua
457 4010 556 4057 tamon
577 4001 608 4057 in
631 4001 777 4074 farragine
798 4008 943 4065 testatur,
967 4016 1017 4053 coa
1036 3987 1218 4067 libroa,qui
1267 3994 1270 3999 ’
1308 4032 1316 4043 .

133 4087 305 4160 τηλικοῦτος
321 4084 406 4157 dent,
419 4085 490 4142 item
506 4080 697 4160 danvillam.
722 4085 865 4141 Convenit
878 4080 1006 4160 quidem.
1020 4098 1117 4137 anisa.
1139 4080 1220 4155 rqie-

135 4172 259 4238 ιιοῦτος,
273 4161 415 4243 ἡλίκοι-
424 4170 494 4226 eatis
506 4170 614 4246 placet.
638 4187 793 4226 somena.

197 4253 230 4310 Ρ.
256 4257 324 4317 128.
346 4271 377 4310 v·
398 4256 428 4315 8.
447 4244 596 4330 ὑφίστατο
610 4245 642 4315 d'
656 4246 756 4324 addela
772 4244 909 4328 oriende]
925 4247 961 4307 ld
975 4257 1036 4326 eat,
1049 4237 1218 4311 οἷνυτιόσιαι
1257 4289 1262 4298 .
