2768 4724
183 228 225 290 so
504 210 939 280 eusurarrenns.
963 189 974 253 ³-

183 395 256 454 item
278 397 397 450 nostres
423 389 457 448 in
480 386 658 446 obscuriora
676 387 743 446 loos
760 393 790 443 et
809 381 986 455 dabis,.noc
1005 400 1066 440 non
1083 383 1279 451 elisfortsese

183 494 367 568 continebit,
396 508 473 571 quae
496 491 530 550 in
554 488 602 549 his
620 484 815 568 paedagogus
837 484 984 543 molestiis
1007 493 1038 543 et
1055 484 1277 566 impedimentis

183 600 228 658 sic
250 616 330 657 arno
350 593 467 655 absolvi
484 612 545 651 non
563 594 734 670 potnerunt,
754 594 790 642 ut
807 604 889 643 nunc
910 584 1080 662 ederentur,
1103 609 1275 668 quenquam

180 699 367 761 menime
389 695 562 774 voluissem.
599 686 708 767 'Neque
723 685 797 745 mihi
815 706 898 746 nunc
923 687 1115 764 veltuorum,
1137 691 1276 749 velcon·-
1313 717 1321 735 ¹

181 786 320 862 ciliorum
341 799 406 859 eius
427 791 626 855 defensionem
655 779 874 867 suscipiendam
896 806 962 849 esse
979 808 1101 864 censeo,
1129 800 1182 850 sut
1205 810 1274 852 urm

179 901 220 962 iis
237 898 408 972 rixendum,
429 893 529 973 quint
541 887 763 965 molumuirum
776 898 808 948 et
828 891 925 951 civem
936 891 1056 970 'patries
1074 893 1275 970 perniciosum
1333 951 1337 960 ,

181 1001 277 1078 hene,
311 1010 348 1059 ut
369 1010 400 1059 et
416 994 597 1066 Ciceronem,
628 990 786 1067 exagitent
828 991 909 1051 Illud
926 1001 1043 1052 tanturn
1062 991 1188 1065 dico‚'si
1208 994 1276 1070 quis

182 1124 290 1165 eorum
312 1098 427 1176 scripte
440 1112 543 1174 aequo
562 1090 659 1151 mimo
683 1091 763 1168 legat
784 1093 1182 1173 etexpendat,.praesertim
1205 1113 1277 1153 ora-

182 1206 297 1265 tionem
310 1199 348 1259 ds
359 1216 470 1255 carone
477 1237 488 1268 ,
514 1202 544 1252 et
563 1190 699 1251 homines
720 1211 771 1251 eos
792 1194 894 1270 fuisse,
915 1216 976 1254 nan
994 1196 1077 1271 deos,
1099 1196 1218 1272 cogitet,
1239 1215 1276 1254 ac

184 1298 371 1365 difficillimis
386 1295 571 1375 temporibus
589 1312 659 1351 cum
674 1294 870 1355 acerbissimis
885 1296 1063 1357 adversariis
1078 1297 1275 1370 conflictatos,

181 1408 215 1466 in
232 1416 335 1465 eornm
356 1399 420 1457 vite
443 1398 531 1456 etiam
554 1396 643 1474 plura
657 1395 827 1472 laudande,
850 1416 940 1474 quam
959 1399 1170 1478 vituperando,
1192 1416 1277 1476 repe-

179 1504 245 1569 nn·
288 1502 400 1561 Verum
415 1518 504 1577 quam
515 1497 612 1556 bonus
635 1507 689 1555 aut
707 1499 802 1555 malus
821 1500 871 1557 rir
885 1500 975 1558 suerit
997 1498 1220 1574 Demosthenes,
1240 1498 1275 1556 id

180 1601 402 1667 Atheniensium
425 1587 497 1658 olim
519 1598 670 1658 interfuit:
692 1619 773 1657 nune
791 1611 893 1660 nostro
914 1600 991 1660 nihil
1009 1602 1143 1676 interest,
1163 1600 1217 1679 qui
1235 1620 1274 1659 ex
1334 1653 1339 1663 .

183 1713 248 1770 eius
261 1699 428 1783 eloquentia
440 1699 619 1780 prudentiae
639 1699 760 1769 dicendi
784 1700 915 1761 fructum
940 1704 1117 1780 colligimus.
1159 1702 1193 1759 In
1210 1722 1273 1778 quo
1299 1698 1303 1703 ’

181 1828 289 1889 genere
303 1803 373 1877 selis
391 1801 455 1882 ipse
466 1800 680 1861 Demosthenes
698 1814 763 1859 sese
779 1803 892 1878 laudat,
916 1804 943 1861 si
956 1805 1099 1864 lectorem
1112 1802 1203 1861 fuerit
1216 1823 1274 1861 ns·
1295 1850 1301 1860 .

181 1922 248 1972 etus
268 1905 448 1987 prudentem
462 1913 493 1964 et
512 1912 669 1962 attentum.
712 1902 782 1961 Fuit
799 1908 877 1962 enim
894 1914 1044 1983 etoquam
1056 1904 1167 1978 bibere,
1190 1904 1273 1962 etad

180 2015 334 2074 lucernam
346 2006 488 2080 seribere,
504 2014 535 2064 et
548 2005 581 2063 in
592 2005 716 2064 multam
729 2010 848 2064 noctem
853 2007 1076 2066 lucubrationes
1090 2006 1272 2085 producere,

176 2125 213 2176 ‚et
232 2096 404 2172 antelucana
435 2126 528 2186 opera
557 2106 678 2185 opilioes
707 2108 1031 2167 antevertere-solitus
1047 2107 1272 2167 Demosthenes.

174 2201 288 2290 ,Quin-0²
298 2208 432 2268 sobrium
452 2209 588 2269 etiamst
608 2208 781 2292 vigilentem
797 2211 944 2269 lectorem
964 2229 1026 2268 non
1049 2211 1157 2281 minus,
1181 2229 1271 2286 quem

174 2320 386 2392 interpretem,
409 2311 546 2388 requirit,
568 2309 619 2387 qui
634 2309 696 2369 vim
711 2311 883 2388 verborum,
900 2313 949 2390 qui
965 2312 1098 2392 pondera
1110 2310 1273 2368 sententia-

180 2436 259 2490 rum,
285 2414 337 2492 qui
354 2430 477 2471 acumen
489 2409 691 2489 inventionis,
710 2413 763 2488 qui
775 2423 1015 2491 argumentorum
1032 2411 1149 2490 copiam
1161 2419 1192 2470 et
1204 2411 1273 2469 vio-

178 2518 313 2588 lentiam,
336 2512 389 2591 qui
411 2511 619 2588 exemplorum
640 2512 823 2589 gravitatem,
845 2516 896 2594 qui
923 2513 1105 2592 reipublicae
1126 2512 1271 2588 gerendae

178 2597 344 2690 scientium,
370 2614 419 2692 qui
444 2611 599 2670 diuinandi
619 2614 780 2689 solertiam,
810 2615 863 2693 qui
884 2615 1089 2684 collocationis
1101 2613 1269 2687 artificium,

170 2723 231 2802 ,qni
256 2716 435 2796 exquisitam
458 2711 681 2774 similitudinem
704 2710 875 2774 nostrorum
895 2725 1082 2792 temporum,
1112 2716 1164 2794 qui
1182 2734 1269 2773 sum-

178 2842 257 2884 mam
284 2818 412 2894 denique
434 2812 484 2894 (ne
497 2834 546 2887 eo,
575 2835 652 2893 quas
670 2816 784 2874 infinita
809 2816 890 2891 sunt,
911 2815 1034 2874 infantia
1055 2837 1120 2875 mea
1145 2826 1271 2876 conetur

182 2916 341 3004 persequi)
359 2917 528 2975 cautionem
541 2925 572 2975 et
592 2917 791 2995 prudentiam,
815 2937 882 2977 cum
900 2918 968 2997 pari
987 2918 1145 2977 autoritate
1169 2929 1199 2977 ot
1222 2939 1271 2977 se—

177 3022 305 3083 veritate
320 3018 520 3093 coniunctam,
536 3016 713 3089 consideret,
740 3019 915 3096 perspiciat,
938 3018 1110 3093 admiretur,
1128 3030 1159 3078 et
1175 3022 1271 3098 queis-

162 3133 246 3183 -tnm
259 3121 386 3200 quisque
399 3119 514 3179 visibus
526 3117 636 3194 ingenii
652 3127 682 3175 et
696 3118 866 3196 diligentias
878 3120 1012 3179 subsidio
1033 3122 1176 3199 consequi
1197 3142 1270 3201 pos-

178 3225 227 3298 sit,
249 3221 390 3281 imitetur.
434 3218 562 3293 Quodsi
575 3215 787 3279 honestissimis
809 3223 874 3283 eius
892 3222 1027 3281 consiliis
1044 3223 1094 3282 vel
1114 3222 1270 3284 hominmn

179 3323 373 3405 perversitas,
394 3324 445 3384 vel
455 3318 553 3380 letalis
571 3318 670 3396 aliqui
687 3323 838 3382 calamites
849 3325 971 3399 obstitit,
994 3344 1029 3384 eo
1053 3327 1190 3405 profecto
1212 3344 1271 3384 no·

177 3425 258 3485 mino
275 3422 529 3485 commiseratione
543 3419 661 3496 dignior
680 3434 734 3499 est,
757 3444 846 3503 quem
859 3427 1071 3488 insecutione:
1092 3438 1123 3487 et
1143 3429 1190 3501 iis,
1215 3430 1268 3506 qui
1312 3454 1321 3475 .

177 3535 262 3588 sento
283 3526 474 3607 sapientiores
500 3519 671 3583 illuvione·
688 3526 814 3602 volunt,
841 3528 1064 3603 elaborandum,
1093 3537 1123 3588 ot
1149 3529 1228 3588 votis
1251 3550 1268 3587 s

176 3629 241 3687 Deo
255 3625 465 3709 exoptandum,
487 3627 602 3682 uteint
616 3642 652 3682 eo
675 3624 897 3697 fortunatiores.
941 3631 1000 3689 Sed
1013 3640 1048 3689 ut
1062 3629 1101 3688 ad
1115 3650 1178 3689 rem
1195 3630 1268 3689 red-

177 3716 260 3804 eun,
279 3729 333 3809 qui
348 3728 415 3801 ills,
438 3744 516 3803 quse
535 3726 688 3801 recensui,
713 3730 761 3787 vel
779 3729 811 3788 in
834 3751 897 3790 uns
914 3731 1096 3811 praestiterit
1122 3730 1266 3804 orations,

176 3830 249 3897 huis
271 3828 387 3893 sbunde
407 3827 550 3893 leudatus·
569 3829 626 3888 erit
649 3830 871 3907 Demosthenes,
894 3833 1068 3906 domestico,
1090 3852 1151 3892 non
1171 3828 1268 3891 alieno

166 3932 346 4014 praeconio.
398 3929 472 3989 Num
501 3929 553 3989 nti
576 3931 743 3992 testimonia
765 3955 866 3995 rernm
885 3934 1002 4006 adsunt,
1022 3932 1094 4012 quid
1120 3952 1197 4014 opus
1220 3938 1267 3994 e'st

176 4029 303 4097 verbis?
328 4026 450 4091 Ethaec
470 4032 566 4090 omnia
586 4035 682 4093 multo
702 4046 791 4095 erum
813 4036 999 4108 evidentiora
1025 4043 1055 4093 et
1079 4037 1265 4116 expressiora

174 4132 283 4214 lsgmti
299 4151 413 4209 graece,
435 4132 593 4213 inquibus
613 4137 712 4196 elucet
732 4136 830 4196 Attice
846 4138 899 4197 illa
914 4138 1082 4198 sinceritas:
1106 4155 1264 4218 quemnee

174 4236 281 4295 cicero
300 4238 496 4314 expresserit,
523 4235 634 4298 nedum
654 4236 744 4296 homo
767 4239 916 4322 quispiam
935 4241 1129 4303 semilatinus.
1172 4239 1264 4313 Quod

128 4382 217 4401 *n-
