2768 4724
188 167 290 297 ηδ’
378 248 383 259 ·
524 171 929 282 *surerenas-rs
1009 154 1012 161 ¹

186 536 733 656 snuorrrrouns
775 567 864 648 An
897 565 1290 654 onsrrousn

193 738 196 743 ·
362 702 453 800 uu
482 714 1128 836 .00NTR1BUT10NE*).
1165 734 1173 801 1

668 955 824 972 —-

170 1122 174 1127 ’
281 1153 314 1214 e.
336 1155 408 1218 rae.
440 1149 780 1234 unnossenorr
814 1153 844 1214 o
881 1153 992 1214 πων
1022 1151 1294 1222 zrurasccz

178 1296 181 1302 ,
197 1240 346 1305 ΛΟΓΟΣ
360 1234 423 1316 ·’)]
448 1231 595 1306 Σύνταξις
611 1234 692 1314 apud
708 1234 872 1295 Isocratem
885 1234 1042 1313 tributum,
1063 1234 1118 1311 τὰς
1136 1234 1292 1312 συντάξεις

198 1315 331 1387 dedisci:
360 1330 419 1399 qu'o
444 1315 561 1377 nornine
586 1317 707 1393 Graeci,
728 1318 887 1400 profligato
909 1321 1026 1395 Xerxe,
1048 1341 1112 1380 eam
1131 1322 1291 1401 pecuniam

198 1407 362 1479 vocabant,
390 1422 478 1482 quam
500 1422 555 1480 pro
580 1401 749 1463 defensione
770 1405 910 1464 Graeciae
930 1425 948 1463 a
969 1405 1103 1466 barbaris
1119 1406 1292 1485 pendebant

197 1488 444 1559 Atheniensibus,
479 1485 639 1563 repudiato
673 1486 791 1548 nomine
821 1493 880 1551 τῶν
901 1488 1061 1569 ἐἰσφορῶν
1090 1493 1141 1552 καὶ
1170 1485 1289 1568 φόρων.

200 1572 405 1633 Grammaticis
419 1578 463 1628 est
476 1584 548 1648 apto
562 1572 725 1630 consecutio
741 1570 901 1632 verborum.
924 1572 1016 1648 Alias,
1029 1571 1171 1656 quicquid
1184 1572 1291 1634 ordine

134 1718 138 1736 ·
191 1649 988 1801 i:-‘¹tt‘e‘ttitftt‘i'tit·,itttttlpfitfit
1000 1656 1215 1807 {witti
1234 1681 1291 1801 οἵ

128 1852 131 1863 ·
195 1763 334 1903 bidaibsis
347 1761 686 1900 thiatralibuspe'cuniis
701 1843 802 1900 agens,
819 1782 876 1904 eriri
894 1761 1034 1903 dociles,
1046 1760 1158 1903 induit,
1171 1762 1291 1889 exsuti
1373 1798 1379 1811 ι

145 1928 148 1933 ·
197 1911 240 1982 εἰς
252 1894 463 2007 τάξινῆννγον
478 1901 533 1982 τὴν
550 1899 657 1977 πόλιν,
674 1902 728 1985 τὴν
743 1901 837 1986 αὐτὴν
854 1912 911 1971 τοῦ
923 1910 1039 1990 λαβεῖν,
1057 1907 1114 1973 rod
1134 1907 1291 1987 στρατεύε-

99 2000 105 2008 “
180 2001 289 2068 .σθαι,
313 1997 367 2054 τοῦ
381 1994 525 2063 trustem,
549 1995 606 2052 τοῦ
622 1996 720 2052 ποιεῖν
736 1987 841 2069 τοῦθ’,
864 1987 882 2055 b'
897 2018 924 2055 τι
938 1985 1016 2055 καθ’
1029 1987 1147 2072 ἡλικίαν
1162 1994 1290 2068 ἕκαστος

197 2077 256 2156 ἔχει
271 2078 321 2138 καὶ
333 2070 403 2138 b'tov
418 2069 524 2155 κάιρὸς
538 2075 584 2150 εἴη
594 2120 602 2147 ,
611 2072 694 2149 τάξιν
707 2071 852 2154 noisiaco:
863 2078 950 2155 ‚quod
963 2087 1044 2136 certe
1058 2098 1118 2136 non
1137 2088 1181 2137 est
1195 2078 1288 2154 aliud,

109 2173 112 2179 ’
198 2182 286 2240 quern
308 2160 446 2218 ordinare
466 2157 690 2237 iempublicam.
730 2160 867 2220 Budaeus
885 2159 1105 2240 descriptionem
1124 2163 1155 2220 in
1180 2160 1290 2223 classes

89 2240 93 2245 ’
162 2275 165 2289 =
198 2248 304 2305 ciuium
324 2243 433 2305 tributa
451 2240 660 2323 conferentium
679 2243 901 2322 interpretatur.
919 2263 1015 2302 wore.
1038 2246 1154 2304 Titulus
1174 2247 1206 2304 in
1222 2247 1289 2305 edi-

196 2332 283 2389 tione,
299 2327 461 2385 Morellana
486 2324 558 2384 huic
587 2327 715 2385 orationi
735 2329 885 2406 praefixus
908 2325 960 2387 hie
982 2338 1040 2386 est:
1064 2329 1290 2408 Δημοσθένους

196 2404 452 2490 ονμβουλεντικδς,
464 2406 533 2487 iiras
553 2401 571 2472 d
589 2412 658 2488 περὶ
678 2406 845 2489 συντάξεως
863 2406 961 2494 λὸνος.
982 2412 1062 2471 unde
1076 2413 1240 2472 seeundum
1259 2425 1289 2476 et

194 2495 316 2555 tertium
329 2490 510 2554 vocabulum
526 2496 668 2574 expunxi.
690 2497 717 2554 N
719 2518 757 2554 on
775 2497 851 2565 enim
864 2517 953 2555 unam
966 2497 1151 2555 solummodo
1165 2500 1289 2557 consul-

193 2581 302 2641 teriam
316 2580 366 2638 vel
379 2579 540 2637 suasoriam
562 2580 683 2658 scripsit
696 2581 820 2657 Orator,
841 2581 892 2640 sed
907 2579 1026 2659 plures,
1049 2601 1145 2660 neque
1159 2581 1233 2640 haee
1249 2583 1288 2643 de

195 2664 418 2724 contributione
434 2663 496 2721 sola
512 2683 550 2721 ex
564 2661 624 2722 hoc
638 2685 743 2741 genera
757 2675 903 2744 superest,
917 2663 969 2722 sed
983 2665 1114 2743 quinque
1128 2666 1289 2744 insequen-

192 2748 401 2826 tesorationes
413 2767 508 2825 usque
524 2746 562 2804 ad
573 2748 652 2807 illam
664 2770 720 2829 pro
735 2768 845 2808 corona
858 2759 927 2808 sunt
937 2749 1086 2807 suasoriae
1098 2750 1287 2829 vetustisque

192 2831 225 2893 iu
244 2833 329 2891 libris
348 2829 553 2891 Demosthenis
576 2830 608 2895 oi
633 2835 879 2914 σνμβονλεντικοὶ
905 2833 1106 2912 appellantur:
1138 2835 1222 2891 cuius
1247 2835 1286 2895 de

192 2919 320 2976 nominis
352 2915 557 2977 corruenieutia
584 2937 664 2976 nunc
692 2938 752 2977 non
777 2917 945 2996 disputabo.
982 2912 1119 2991 σύνταξις
1145 2917 1286 2980 universe

192 3020 300 3062 census
315 3002 409 3060 omnis
427 3009 487 3074 est,
508 3020 562 3058 seu
576 3001 754 3080 imperatus,
777 3022 829 3059 seu
848 3002 1021 3074 condictus,
1044 3004 1107 3059 sive
1121 3004 1286 3079 numerius,

192 3087 255 3148 sive
269 3089 356 3146 etism
374 3084 480 3145 modus
495 3104 604 3164 operae
617 3087 785 3164 incorpore
798 3087 993 3164 praestandae
1007 3086 1037 3145 in
1051 3085 1203 3145 functione
1216 3088 1287 3146 niu·

190 3190 295 3232 nerum
316 3191 372 3251 pro
390 3170 483 3227 salute
504 3171 618 3248 patriae
640 3169 856 3247 obeundorum.
889 3170 946 3229 Hic
965 3170 1024 3228 loci
1042 3179 1208 3247 usurpatur
1226 3187 1286 3250 pro

169 3255 365 3336 pecuniaria
394 3255 612 3312 contributione
638 3273 689 3312 seu
716 3274 809 3312 censu
834 3254 983 3313 collaticia
991 3297 1000 3327 ,
1020 3253 1078 3312 civi
1098 3253 1205 3332 cuique
1228 3272 1285 3334 pro

77 3331 79 3336 ¹
190 3341 280 3398 modo
307 3339 494 3396 fortunarum
523 3338 653 3411 indicto,
676 3346 765 3415 quae*
779 3339 907 3416 pecunia
930 3338 1014 3396 militi
1040 3338 1210 3416 conscripto
1232 3350 1286 3400 sut

83 3424 86 3429 ’
191 3422 407 3483 conscribendo
421 3423 451 3480 in
471 3434 574 3480 manus
599 3421 738 3496 daretur,
762 3423 842 3481 unde
857 3421 912 3479 sibi
926 3431 1057 3495 vestem,
1078 3441 1177 3495 arma,
1200 3442 1286 3483 corn-

190 3518 320 3568 meatum
340 3515 536 3585 compararet.
554 3525 647 3563 neren.
675 3508 742 3564 Non
763 3527 832 3582 esse·
845 3504 1048 3564 Demosthenis
1063 3504 1141 3564 banc
1158 3507 1283 3567 Oratio·

151 3588 152 3591 *
189 3613 257 3652 nem
280 3593 370 3664 satis,
390 3592 514 3665 opinor,
536 3609 615 3648 nunc
638 3601 762 3649 constat.
797 3591 829 3649 F.
855 3590 889 3648 A.
908 3589 1033 3650 Wolfius
1055 3591 1221 3667 Prolegom.
1244 3592 1284 3651 ad

190 3676 305 3756 Leptin.
319 3697 348 3755 p.
364 3673 510 3732 LXXIV.:
531 3673 585 3751 „si
599 3674 673 3752 quid
688 3676 793 3752 video,
809 3674 922 3751 Oratio,
936 3694 1012 3752 quae
1026 3675 1200 3734 inscribitur
1214 3678 1285 3760 περὶ

138 3952 144 3969 ,
238 3911 265 3978 Ι*)
283 3910 396 3976 Verius,
421 3907 524 3963 Wolfio
543 3916 709 3979 praeeunte,
735 3911 767 3960 de
791 3929 804 3960 r
835 3910 924 3963 uelim
950 3871 1112 3973 ordinbnda,
1139 3910 1283 3980 quomodo

227 4003 233 4007 ·
276 3979 374 4051 ‚vulgo
399 3980 515 4047 citatur,
542 3996 567 4034 e.
589 3997 612 4032 c.
633 3979 661 4031 in
675 3978 733 4031 Ind.
744 3978 809 4058 tisis
832 4018 837 4032 .
858 3998 884 4100 p
900 3983 958 4036 618.
979 3983 1049 4046 621,
1072 3979 1283 4057 sl’iersonoad

290 4051 376 4101 Moeri
398 4066 424 4117 p.
447 4053 488 4105 11.
511 4067 535 4101 e.
556 4059 584 4101 et
601 4051 769 4115 aLennepro
791 4049 857 4117 adp
878 4049 945 4102 alar.
965 4067 994 4119 p.
1014 4048 1074 4105 214.
1094 4049 1283 4100 e.81cetiam

290 4115 577 4239 ffiffijiss,ic¹,¹,tffl,‚eg;t'
600 4120 631 4171 V.
648 4122 808 4235 drgument
827 4117 912 4170 Confi
927 4135 955 4188 p.
977 4119 1041 4183 167,
1058 4126 1084 4178 6.
1107 4118 1232 4182 168„22.
1249 4134 1283 4171 ss.

237 4284 276 4351 **)
295 4286 409 4340 Bekker.
421 4289 491 4340 nihil
503 4289 557 4341 nisi
570 4288 638 4342 hoe:
656 4289 750 4344 ΠΕΡΙ
767 4290 1009 4350 scuranum.
1027 4303 1176 4341 scaurum
