2768 4724
202 220 273 286 2⁹62
429 242 433 249 =
560 207 933 274 annotationes
958 226 962 237 ·

122 425 128 441 .
201 390 283 449 inter
295 406 327 446 ss
340 400 498 445 commune
518 381 662 442 habentes
681 391 711 442 et
727 382 929 443 communisse
944 381 1199 459 administrantes,
1221 385 1300 449 hae-

202 474 331 533 reditate
345 469 478 527 nondum
492 476 582 541 oreta,
590 467 621 527 h.
636 488 661 526 e.
675 468 707 526 in
720 467 881 546 particulas
898 470 1108 529 convenientes
1123 482 1299 550 concerpta.

203 559 316 628 Gausa,
336 554 364 610 si
376 553 447 610 satis
462 562 584 611 acutum
601 572 707 625 cerno,
727 551 803 610 haec
822 553 886 610 fuit.
909 556 999 611 Pater
1016 553 1115 612 adhue
1131 567 1299 633 superstes,

201 641 358 706 universae
375 638 419 694 rei
435 635 591 710 dominus,
613 637 638 694 sl
650 636 757 695 bellica
772 646 907 714 tempora
920 638 1111 711 incidissent,
1130 639 1192 698 sine
1206 662 1301 703 recu·

202 719 319 782 satione
327 721 461 781 militiam
476 722 595 779 obisset.
624 720 685 778 lam
704 740 777 779 vero
797 720 913 780 dnobus
932 722 1067 781 tribusve
1089 724 1216 781 eandem.
1231 746 1303 785 rem

201 807 377 866 familiarem
397 805 564 877 tuentibus,
600 825 661 863 non
680 808 846 863 ancnorem
870 806 994 880 lacteus,
1025 826 1113 883 quam
1138 817 1206 865 ante
1226 810 1299 884 luit,

202 891 372 962 dubitatur,
394 890 528 947 tribusne
548 888 690 946 fratribus
705 908 765 947 una
788 889 916 947 eundum
933 890 964 947 in
987 900 1084 948 cestra
1104 891 1159 963 sit,
1182 913 1221 949 an
1242 894 1301 952 uni

201 973 398 1035 solummodo.
422 974 556 1049 Aequum
573 981 616 1029 eet
637 972 739 1048 utique
758 990 851 1030 unum
875 974 1010 1034 militare.
1034 976 1121 1032 Tum,
1133 996 1205 1034 vero
1222 987 1300 1037 uter

198 1060 337 1119 binarum
356 1067 413 1115 ‘aut
429 1059 530 1134 ecquis
552 1065 705 1113 ternorum
724 1056 849 1114 fratrum
871 1058 1025 1133 delegetur
1047 1059 1084 1117 sd
1112 1079 1217 1137 operas
1239 1081 1303 1120 can

201 1141 353 1204 stremesl
381 1141 476 1214 Sorti,
500 1141 577 1213 aies,
601 1141 798 1218 permittatur.
836 1142 997 1201 lieeteais:
1022 1153 1224 1201 verumtamen
1245 1166 1299 1204 res

199 1225 345 1288 molestiis
360 1235 389 1284 et
404 1245 497 1302 paene
511 1224 637 1282 dixerim
650 1225 807 1300 iniquitate
820 1245 881 1284 nou
895 1236 986 1284 caret.
996 1225 1024 1306 *)
1034 1247 1128 1285 narem
1150 1229 1296 1288 Wolfius:

197 1308 316 1394 puellos
335 1307 505 1388 parentibus
526 1322 553 1366 et.
564 1305 718 1391 fratribus
736 1307 841 1368 orbae:
870 1310 977 1385 quibus
1000 1311 1083 1368 addit
1098 1312 1231 1370 Valesius
1255 1315 1298 1373 ad

199 1396 377 1472 Harpocrat.
397 1413 426 1469 p.
445 1398 513 1455 112.
535 1390 565 1449 bi
580 1391 651 1449 edit.
665 1392 765 1450 Blanc.
788 1407 814 1449 et
835 1414 889 1451 ouo
909 1408 1040 1472 paterno.
1071 1397 1130 1454 Sed
1152 1396 1295 1457 Reiskius

199 1498 265 1551 non.
274 1477 342 1536 vult
355 1476 506 1534 subaudiri
518 1475 695 1552 παρθένων,
711 1477 767 1534 sed
780 1472 935 1554 σωμάτων,
949 1477 1078 1556 ideoque
1101 1480 1159 1556 legi
1178 1476 1296 1541 mavult

199 1562 401 1639 ἕιιικληρικῶν
416 1569 447 1618 et
459 1580 529 1618 mox
545 1554 740 1636 ὀρφανικῶν,
758 1569 795 1617 ut
808 1561 988 1619 conveniant
1003 1580 1069 1621 cnm
1086 1569 1295 1642 κληρουχικῶν

199 1655 232 1705 et
250 1649 448 1707 κοινωνικῶν.
478 1643 597 1701 lleiekio
619 1653 717 1702 autem
734 1642 786 1702 hic
798 1664 859 1701 aon
879 1644 1000 1713 ridetur
1015 1647 1294 1726 obtemperandum.

197 1730 302 1808 Neque
323 1729 399 1787 enim
414 1728 445 1784 in
462 1727 613 1805 prioribus
633 1727 692 1787 illis
712 1729 867 1787 vocabulis
886 1749 962 1806 opus
983 1740 1028 1788 ert
1046 1731 1206 1790 subaudita
1232 1753 1297 1795 ιιι-

197 1810 316 1894 pirna,
338 1811 494 1888 atquibus
514 1811 674 1886 singulares
690 1812 861 1871 indicantur
876 1810 1027 1887 homines,
1043 1816 1126 1873 nulla
1138 1818 1295 1877 societatis

196 1895 460 1956 necessitudinisve
476 1896 585 1972 oopula
607 1895 687 1973 inter
704 1917 735 1954 se
755 1896 863 1957 iuncti:
884 1899 1066 1956 contrarium
1083 1920 1154 1957 varo
1176 1901 1297 1961 obtinet

196 1980 228 2040 iu
242 1978 582 2059 posterioribus,quibus
598 1991 680 2038 recte
692 1978 839 2060 σωμάτων
855 1980 924 2038 addi
940 1983 1040 2059 possit.
1058 1983 1294 2062 Harpocration,

161 2128 173 2143 ,
198 2076 343 2143 quocum,
366 2073 401 2122 ut
413 2064 443 2120 in
454 2063 614 2142 plerisque,
633 2066 773 2123 convenit
784 2065 912 2141 Etymol.
930 2066 969 2123 bl.
985 2067 1163 2140 ν.·ἒπιί1ικος
1176 2094 1204 2129 ιι.
1217 2076 1300 2141 τ.1.,·

196 2148 301 2208 habet:
323 2149 481 2226 ἐπίκληρος
495 2147 546 2226 μέν
566 2148 643 2209 ἐστιν
665 2141 687 2218 ei
707 2149 754 2211 tut
771 2149 916 2229 unveisai
936 2143 1039 2233 κλήρῳ
1056 2145 1176 2230 ὀρφανὴ
1197 2177 1295 2216 κανα-

195 2232 384 2310 lassantes,
406 2228 449 2308 μὴ
463 2225 552 2303 ὄντος
573 2225 650 2316 stirp
668 2224 813 2311 oideiposi.
834 2224 853 2312 ἧ
878 2233 909 2295 dl
928 2225 1004 2313 αυίὴ
1026 2235 1078 2296 καὶ
1096 2235 1293 2318 ἐκικληρῑιις.

99 2328 102 2340 ’
194 2317 248 2376 ubi
263 2338 293 2376 ν.
309 2322 403 2373 notas.
415 2332 641 2374 amasroonor.

259 2417 291 2475 P.
315 2419 384 2479 182.
406 2435 436 2474 ν.
460 2419 509 2477 16.
535 2407 733 2495 ὀρφανικῶν]
760 2405 917 2494 ὀρφανῶν.
952 2417 1013 2477 Hos
1033 2419 1140 2497 igitur,
1163 2425 1218 2500 qui
1240 2423 1293 2484 hio

193 2510 402 2572 recensentur,
424 2499 568 2558 immunes
583 2499 674 2558 luisse
691 2509 822 2578 apparet.
838 2520 935 2561 wora.
959 2504 1045 2582 valg.
1061 2497 1217 2583 ὀρφανῶν.
1239 2501 1291 2588 ὄρ.

195 2589 334 2662 φονικῶν
365 2585 455 2642 Paris.
486 2583 614 2661 primus,
647 2584 722 2661 Aug.
746 2585 875 2661 primus,
905 2587 1011 2645 Aldina
1035 2590 1165 2666 ‘seylori
1189 2611 1290 2652 nassa.

192 2668 419 2729 Restituondum
434 2668 537 2726 eadem
550 2669 588 2725 de
611 2686 731 2740 caussa,
755 2688 843 2744 quem
857 2689 946 2748 supin
963 2672 1107 2745 diximus,
1129 2684 1218 2733 vetris
1236 2671 1291 2756 ὄρ·
1358 2666 1363 2677 '

193 2759 312 2833 φνῶν.
335 2756 410 2810 Sunt
423 2753 509 2821 liberi
524 2753 697 2829 parentibus
715 2751 797 2825 orbi,
821 2756 873 2831 qui
894 2757 930 2814 ad
950 2755 1135 2834 pubertatem
1152 2759 1292 2819 nondum

192 2848 389 2897 secesserunt.
417 2837 478 2895 Noc
499 2837 606 2895 mirum
628 2846 687 2909 est,
709 2835 765 2893 hos
787 2858 802 2894 e
822 2857 944 2897 numero
968 2841 1208 2917 symmoritarurn
1234 2864 1291 2902 ex-

192 2930 295 3002 ceptos
310 2941 373 2981 esse
392 2921 457 2997 lege
470 2919 691 2994 Demosthenis,
714 2920 764 2977 oui
785 2922 873 2978 etiarn
888 2933 954 2982 ante
971 2925 1074 2982 oculos
1089 2926 1291 2986 versabantur

190 3026 312 3066 suonrm
329 3015 462 3064 tutorum
478 3005 611 3062 iniuriae.
633 3004 746 3062 Verum
763 3003 798 3061 de
813 3003 874 3078 his,
896 3008 940 3064 ati
955 3017 984 3065 et
999 3009 1121 3065 aliarum
1135 3005 1225 3068 liuius
1243 3012 1289 3071 le.

191 3086 234 3167 gis
248 3092 378 3169 partium
392 3108 497 3148 caussa
512 3098 540 3147 et
553 3089 676 3161 ratione,
691 3087 812 3145 uberius
825 3108 944 3165 agemus
958 3090 988 3147 in
1007 3093 1150 3169 peculiari
1169 3095 1290 3167 Disser-

190 3178 303 3233 tatione
319 3175 356 3231 de
371 3173 511 3232 universo
527 3170 585 3230 hoc
602 3172 829 3249 symmoriarum
845 3173 926 3254 apud
940 3173 1133 3234 Athenienses
1145 3180 1289 3239 instituto

188 3268 262 3316 mox
277 3257 400 3329 edenda.
426 3250 649 3314 airunsroonnr.

202 3440 205 3447 ,
251 3376 284 3434 Ρ.
309 3380 380 3441 182.
404 3394 433 3433 v·
458 3380 506 3438 16.
528 3374 747 3454 κληρουχικῶν]
768 3376 927 3454 κληροῦχοι
942 3373 995 3453 qui
1010 3374 1083 3452 sint,
1105 3377 1175 3438 vide
1195 3381 1289 3442 Liba·

188 3457 271 3521 nium
283 3458 315 3518 in
327 3469 500 3533 argumento
514 3460 582 3535 saepi
595 3464 654 3520 τῶν
670 3459 702 3522 ἕν
719 3452 912 3538 Χερρονήσῳ.
940 3457 1064 3535 Suidas,
1087 3464 1288 3544 κληρουχικᾶ,

186 3543 300 3621 inquit,
322 3540 534 3602 Demosthenes
555 3540 653 3602 dicere
680 3542 800 3601 videtur
818 3543 898 3600 bona
922 3562 1042 3615 eorum,
1065 3546 1169 3621 quiin
1194 3550 1287 3612 aliam

188 3645 397 3707 quemcunque
412 3627 597 3703 provinciam
620 3624 773 3686 obtinendi
795 3626 858 3701 agri
879 3627 997 3685 nornine
1016 3627 1185 3690 mittuntur.
1222 3635 1288 3707 Qui

187 3711 267 3771 enim
282 3710 345 3769 fieri
368 3719 484 3788 potest,
507 3721 555 3786 ut,
578 3710 630 3791 qui
650 3730 773 3788 peregre
793 3711 893 3782 abest,
916 3711 1066 3771 triremem
1089 3713 1211 3775 Athenis
1229 3719 1287 3778 in-

186 3795 304 3865 strum?
326 3814 424 3853 wosr.
446 3792 482 3853 V.
499 3793 624 3855 Pliotius
640 3815 664 3853 c.
681 3796 750 3858 125.
766 3815 925 3854 senaaraa.

250 3913 282 3970 P.
307 3917 376 3976 182.
399 3930 429 3969 v.
453 3918 502 3978 16.
525 3913 723 3990 κοινωνικῶν]
748 3913 868 3971 Suidas:
889 3912 1090 3989 κοινοονικιοῦς
1104 3919 1287 3980 Demosthe-

101 4000 104 4009 '
184 4014 238 4056 aas
247 4004 337 4054 vocat
356 3995 420 4055 aive
441 3999 562 4072 hatra,
586 3997 636 4074 qui
658 3995 843 4058 haereditate
863 3998 993 4058 indivisa
1014 4002 1171 4076 lruuntnr,
1204 4025 1287 4084 quo-

185 4118 391 4139 “nn-nnn..-

235 4188 261 4259 1)
277 4194 389 4245 From
403 4209 432 4273 se
446 4192 583 4274 territur
595 4195 715 4266 optimus
737 4190 876 4250 somnians
896 4199 1041 4266 militiam,
1061 4199 1096 4253 de
1110 4217 1165 4271 qua
1180 4204 1288 4256 Orator

194 4269 217 4283 ·'
286 4276 343 4313 noa
354 4269 498 4332 cogitans
515 4267 549 4319 V.
563 4272 621 4319 not
635 4265 673 4320 ed
684 4282 711 4319 ν.
730 4269 772 4324 12.
787 4278 936 4322 aarum
