2768 4724
186 212 229 273 58
471 254 475 260 .
512 203 921 275 PRAEFATIONDS

187 387 218 438 et
232 378 399 459 exagitarit,
412 368 614 460 'corrigerent⁴
627 400 664 439 ao
688 380 775 458 longo
800 379 922 439 meliora
951 378 1110 442 efficerent
1153 382 1199 445 lta
1213 383 1273 449 da·
1324 404 1327 409 ·

94 548 108 568 μ
185 500 266 555 mum
291 489 322 541 at
341 481 552 542 existimationi
573 500 643 541 suas
662 480 870 556 consulerent,
882 489 912 540 et
928 480 1069 543 studiosis
1084 484 1273 564 prodessent,

164 591 216 647 rot
233 603 317 645 mess
337 583 448 657 famae,
469 583 496 643 si
514 583 608 662 metis
628 581 790 657 (lectorum¹
804 582 962 660 iudignum
978 604 1041 644 esse
1057 597 1182 665 putant,
1204 587 1274 670 (etsi
1304 618 1306 624 >
1368 636 1370 646 Α

184 701 360 763 persuasum
382 683 489 759 habeo,
510 694 620 744 temere
631 670 773 759 tortasse,
795 684 849 744 sed
866 694 965 745 mosen
975 696 1151 771 persuasum
1164 688 1273 766 habeo,

183 787 329 847 neminem
349 787 460 862 bonum
480 795 511 845 et
520 784 643 845 doctum
657 784 730 844 mihi
743 804 806 845 esse
822 786 989 863 inimicum)
1004 788 1271 852 incommodarent.
1360 838 1367 850 .

183 886 244 957 Sed
274 887 350 949 bene
380 885 559 966 sperandum
575 887 676 968 potius
701 896 768 962 est,
796 907 888 967 quarn
908 888 984 947 male
1010 888 1217 955 eminandum:
1244 901 1275 950 et
1361 897 1373 911 “

181 987 271 1059 huius
290 998 411 1072 nostrae
439 989 604 1049 lahoriosae
630 989 836 1056 conversionis
865 999 954 1068 atque
985 991 1167 1070 operosioris
1185 988 1278 1058 etiarn·

179 1089 391 1170 recognitionis
416 1099 541 1150 eventus
565 1090 704 1151 fortunae
726 1092 932 1170 lectorumque
956 1092 1076 1152 iudiciis
1096 1092 1273 1170 permitten-

181 1190 251 1252 dus:
281 1210 357 1271 quas
382 1209 442 1269 quo
466 1190 608 1272 aequiora
629 1192 865 1268 cognoverimus,
887 1213 923 1254 eo
943 1193 1105 1255 reddemur
1120 1194 1159 1252 sd
1173 1193 1274 1253 absol·

83 1287 86 1304 '
180 1292 295 1355 vendes
315 1291 411 1352 iustos
429 1294 462 1353 in
476 1292 703 1355 Demosthenem
726 1303 757 1353 et
780 1293 943 1357 Isocratem
960 1296 1188 1355 commentarios
1209 1294 1273 1354 slo-

119 1448 121 1452 ,
165 1394 302 1483 ,crimea
344 1393 509 1478 Aequitatis
530 1404 629 1455 autem
648 1385 713 1455 esse
734 1404 819 1475 puto,
839 1399 986 1476 pauculos
1000 1418 1127 1472 errores,
1149 1384 1226 1476 quos
1239 1396 1272 1454 in

179 1496 300 1576 prolixo
328 1515 420 1576 opere
442 1516 550 1558 cavere
578 1495 788 1557 difficillimum
820 1508 882 1573 est,
912 1507 943 1560 et
964 1500 1174 1578 'ignorationes
1202 1517 1270 1559 cum

83 1640 88 1658 ,
180 1616 299 1671 sorum,
318 1615 409 1677 ¹quae
436 1596 563 1659 fortasse
586 1618 646 1658 non
670 1596 900 1660 malediximus
930 1621 967 1659 ac
994 1600 1153 1678 diligenter
1174 1599 1272 1681 expli-

92 1745 98 1754 .
179 1700 323 1775 cavimus,
344 1699 535 1760 multitudine
554 1718 736 1777 comparare.
780 1697 880 1779 Atque
899 1697 976 1762 haec
996 1701 1034 1761 ad
1057 1702 1187 1760 lectores
1207 1701 1271 1760 sive

178 1821 324 1875 morosos,
347 1800 411 1860 sive
430 1801 559 1878 invidos,
581 1802 645 1862 sive
667 1801 756 1860 etiam
773 1802 940 1880 imperitos,
962 1804 1013 1863 vel
1026 1802 1198 1875 monendos,
1221 1802 1272 1861 vel

175 1902 352 1986 placandos,
373 1902 400 1960 si
420 1901 493 1981 quid
515 1903 602 1982 sequi
621 1920 684 1963 sse
703 1901 861 1982 impetrari
874 1886 994 1978 sinent,
1014 1903 1165 1982 pertinere
1188 1900 1270 1961 volo.

178 2003 254 2063 Nam
267 2003 350 2082 quod
369 2003 410 2062 ud
423 2013 508 2064 tuum
522 2005 562 2065 de
575 2024 622 2063 me
634 2002 779 2063 indicium
795 2005 911 2081 attinet,
932 2005 981 2066 vir
995 2003 1183 2083 amplissime,
1206 2001 1270 2061 ani·

177 2126 227 2165 mo
245 2114 358 2166 sumet
378 2125 484 2166 securo
503 2101 534 2166 et
553 2125 669 2184 magno.
708 2106 776 2179 ,Qui
795 2125 865 2170 cum
883 2105 1001 2185 pridem
1015 2115 1155 2164 conatum
1169 2125 1271 2163 meum

176 2206 250 2266 boni
267 2202 452 2267 consulueris
466 2208 564 2276 minus
580 2191 766 2285 absolutum,
781 2208 872 2287 idque
887 2204 1021 2263 moribus
1037 2214 1067 2262 et
1078 2204 1186 2264 studiis
1196 2206 1270 2265 meis

176 2308 310 2369 nondum
329 2308 372 2367 its
391 2302 572 2386 perspectis:
593 2310 682 2388 plane
701 2310 878 2391 desiperem,
901 2306 926 2365 si
945 2314 1016 2385 post
1036 2315 1154 2367 tantum
1180 2327 1198 2365 a
1221 2327 1270 2367 ure

96 2446 100 2461 ·
176 2429 258 2469 nunc
277 2407 444 2467 adhibitum
463 2410 611 2486 studium,
651 2422 764 2474 ettam
785 2409 969 2482 luculentam
993 2409 1162 2468 orationum
1181 2418 1271 2486 atque

178 2511 375 2590 epistolarum
405 2508 559 2570 Aeschinis
587 2515 802 2590 accessionem,
836 2530 913 2593 quas
936 2507 1058 2589 quidem
1080 2509 1270 2569 Demostheni

176 2631 312 2689 magum
323 2611 431 2686 lucem,
453 2622 484 2672 et
498 2605 658 2676 utilitatem
672 2618 837 2678 lectoribus
848 2616 931 2677 haud
952 2615 1181 2693 exiguamcum
1200 2610 1268 2691 pari

176 2714 330 2792 voluptate
355 2712 545 2774 coniunctam
569 2717 709 2794 afferent,
733 2719 784 2796 (ne
808 2717 1029 2788 annotationes,
1051 2711 1168 2788 aliaque
1186 2731 1269 2769 com-

174 2816 264 2896 plura
292 2814 533 2897 commemorem)
564 2819 604 2880 de
631 2830 686 2878 tua
712 2839 781 2899 erga
812 2839 860 2879 me
888 2827 920 2877 et
942 2812 1165 2897 lucubrationes
1187 2832 1268 2872 meas

175 2920 330 2978 voluntate
357 2917 540 2980 dubitarem:
567 2921 744 3001 praesertim
770 2900 838 2981 cum
858 2939 919 2978 nou
941 2917 1027 2995 parvi
1046 2914 1191 2991 temporis
1213 2913 1268 2970 do-

175 3021 299 3080 mestica
318 3020 543 3098 consuetudine,
565 3042 635 3082 cum
655 3022 778 3082 caeteris
800 3022 830 3078 iu
852 3018 942 3077 rebus
965 3015 1160 3074 excellentem
1171 3013 1269 3073 virtu-

176 3130 251 3193 tem,
273 3139 309 3178 ae
329 3120 440 3198 ingenii
463 3122 691 3202 praestantiam,
712 3131 777 3179 tum
794 3117 1007 3179 humanitatem
1030 3124 1113 3174 tuem
1132 3117 1163 3173 in
1183 3124 1266 3174 mrito

175 3222 314 3281 fortunae
334 3220 456 3299 fastigio
478 3223 699 3298 admirandam,
720 3238 913 3300 magnacum
935 3217 1089 3294 voluptate
1114 3225 1144 3275 et
1165 3216 1268 3276 fructu

173 3344 242 3383 aueo
262 3343 322 3382 non
335 3324 517 3401 poenitendo
533 3323 695 3400 cognorim.
738 3322 843 3401 ltaque
857 3317 1071 3380 Demosthenes
1091 3339 1181 3398 opera
1201 3339 1266 3377 mea

174 3445 257 3486 nunc
282 3424 402 3486 tandem
425 3423 582 3497 Aeschini,
616 3423 728 3483 abolito
755 3425 808 3494 illo
827 3424 922 3483 veteri
941 3422 1027 3496 odio,
1056 3421 1267 3481 reconciliatus

123 3550 126 3571 ¹
175 3519 266 3603 alque
288 3527 596 3601 coniunctissimus
622 3545 654 3587 se
673 3535 727 3585 tuo
749 3525 919 3606 patrocinio
943 3522 1145 3583 commendat:
1167 3522 1200 3581 iu
1214 3541 1268 3600 spe

176 3628 291 3707 optima
306 3629 391 3701 situs,
410 3635 442 3687 ts
461 3627 551 3686 talem
569 3626 706 3687 clientem
722 3648 779 3688 nec
793 3636 1030 3709 sspmnsturum,
1053 3642 1150 3702 neque
1165 3622 1266 3698 negle-

170 3738 306 3803 cturum,
327 3727 380 3786 sed
399 3708 446 3786 eo¹
458 3725 631 3793 habituum
648 3746 712 3789 esse
732 3731 810 3806 loco,
834 3748 895 3808 quo
917 3750 949 3787 se
970 3728 1091 3805 dignum
1111 3720 1262 3782 iudicaris.
1363 3722 1368 3735 ‘

175 3829 313 3890 'laentum¹
326 3834 425 3887 nutem
441 3837 496 3887 tuo
518 3830 664 3890 acerrimo
685 3831 801 3890 iudicio
823 3830 938 3904 tribuit,
960 3838 1005 3900 ut,
1026 3829 1052 3885 si
1072 3823 1266 3885 excellentiae

170 3940 244 3991 :tuse
264 3926 409 4007 probatus
433 3931 534 4007 suerit,
557 3943 744 3994 caeterorum
761 3932 891 3992 omnium
909 3925 1147 3988 malevolentiam
1163 3933 1193 3982 et
1210 3923 1266 3982 ob-

177 4029 368 4093 trectationes
385 4032 483 4093 animo
503 4036 680 4114 aequissimo
695 4047 727 4094 et
742 4034 870 4095 maximo
887 4041 1074 4090 contemnere
1088 4027 1264 4086 decreverit.

169 4130 309 4206 ‹Quodsi
330 4131 409 4193 illud
422 4143 542 4214 praeter
556 4156 640 4216 spem
658 4136 799 4209 evenerit,
820 4143 855 4192 ut
867 4144 897 4192 et
915 4130 1263 4227 invide'obhectatorum

175 4255 230 4313 ¹ora
245 4235 458 4314 conticescant,
480 4249 511 4299 et
528 4237 619 4317 aliqui
632 4235 791 4298 candorem
804 4236 878 4299 viris
890 4234 977 4297 bouis
988 4243 1019 4295 ot
1031 4231 1128 4292 doctis
1143 4229 1264 4306 dipsium
