2768 4724
330 268 334 275 .
463 162 1003 331 insinuata-usuum
1207 165 1250 285 sa

151 385 352 466 longinquas,
375 386 496 449 crebras
510 397 611 449 tamen
628 395 661 449 ‚et
683 382 929 466 aequemolostas
946 385 1251 469 peregrinationem
1286 402 1291 413 ⁶

154 489 280 550 subinde
307 488 402 549 fuerit
431 491 464 551 in
485 489 574 572 ,mua
602 488 783 551 abeundum.
824 487 1007 567 Sivs·igitur
1029 507 1066 550 ea
1085 487 1247 567 Fortunae,

152 591 358 672 praepotentis
373 591 529 669 domium,
551 593 615 652 sive
634 589 834 670 simplicitdtis
851 597 1045 676 mese-‘culpa
1067 593 1125 670 sit,
1145 595 1259 663 taem,
1303 606 1305 611 ’

152 693 228 753 dnm
242 701 310 766 est,¹
324 713 387 753 non
400 695 601 776 culpandum,
623 692 708 772 quod
723 690 783 753 ism
796 695 907 755 mutari
920 715 981 757 non
996 703 1115 775 potest,
1137 696 1247 757 etmi-

149 794 238 855 seriis
249 793 324 853 meis
339 792 415 857 haec
435 795 572 874 fingenda
592 795 768 871 consolatio,
794 800 952 861 stationam
970 794 1050 857 hano
1065 796 1138 857 mihi
1158 797 1247 859 divi-

146 896 235 957 nitus
247 915 311 956 ease
325 898 515 973 attributam,
537 907 627 977 atque
640 897 687 965 in„
700 918 736 957 ea
754 905 874 961 suenus
891 919 950 978 pro
970 902 1060 980 parte
1084 898 1163 959 virili
1181 900 1246 961 els-

148 994 328 1057 horandum.
371 996 408 1059 ld
429 998 512 1077 quod
533 999 567 1059 in
590 998 672 1059 hunc
695 1019 790 1078 usque
811 998 889 1061 diam
914 1000 1015 1063 faeere
1036 1020 1100 1059 non
1120 1000 1260 1077 anate„

147 1103 267 1160 inuare
277 1098 399 1158 omnino
411 1101 617 1176 contentione,
640 1101 680 1181 (si
696 1102 772 1190 qnid
786 1101 950 1163 amicorum
960 1100 1245 1182 reprehensionibus

127 1200 336 1261 eradendam
349 1197 418 1281 est)
435 1221 527 1280 quam
542 1205 623 1263 vires
646 1225 683 1265 ac
705 1203 845 1265 valetudo
869 1223 945 1263 mea-
954 1203 1138 1283 patiuntur.·
1165 1204 1247 1265 Cum·

146 1302 229 1361 enim
247 1301 377 1363 docendi
389 1306 604 1382 provincianis
619 1306 688 1384 plns
714 1306 785 1365 satis
799 1314 945 1389 mussat,
968 1305 1121 1385 quicquid·
1131 1305 1241 1385 reliqui
1308 1290 1310 1299 Ι

145 1403 292 1482 temporis
307 1403 413 1480 asan,
435 1405 470 1466 id
483 1407 674 1482 maisersmn,
694 1428 784 1486 ineps
799 1405 885 1482 genio
896 1405 1080 1482 defraudato,
1101 1407 1241 1487 legando,

143 1505 336 1581 meditando,
357 1507 518 1567 scribenda
533 1529 685 1571 comumo.
725 1508 820 1580 Quod
840 1527 895 1567 our
910 1506 1035 1584 taciem,
1057 1508 1082 1567 si
1104 1509 1172 1588 quit
1190 1528 1241 1571 me

143 1618 247 1686 rogat,
269 1608 422 1669 verissime
436 1611 620 1688 respondeo,
642 1611 774 1669 mesine
789 1629 896 1685 magna
915 1609 1005 1667 enimi
1024 1611 1240 1675 molestianon
1261 1648 1265 1653 ·

145 1716 233 1774 aliter
244 1735 334 1794 posse
355 1709 472 1787 iacere,
495 1713 558 1770 sive
579 1711 648 1790 quia
672 1712 717 1771 sic
737 1712 870 1784 assuevi,
886 1720 923 1771 ct
944 1711 1179 1783 natuslortaese
1200 1712 1242 1773 ad

143 1836 303 1877 aerumnas
319 1835 401 1888 sum,
422 1813 487 1873 sive
499 1812 582 1890 quod
599 1810 645 1890 (ut
659 1811 772 1871 Plinius
789 1812 887 1875 dicata
903 1812 1030 1895 solebat)
1049 1834 1145 1873 omne·
1161 1823 1243 1873 tanr-

142 1938 205 1999 pns
218 1918 318 1998 perire
332 1916 485 1986 existimo,
508 1913 592 1991 qnod
608 1913 714 1980 stinliie
735 1932 795 1975 non
818 1914 1009 1993 impendatur
1029 1927 1087 1977 etc.
1098 1916 1238 1981 futuis-

143 2040 208 2078 ssm
222 2018 364 2097 quidem,
384 2014 515 2078 ethead
538 2014 615 2090 scio,
641 2037 680 2075 an
702 2013 869 2078 debuissem
883 2018 998 2094 ettam,
1018 2016 1099 2080 hanc
1115 2017 1240 2077 seduli·-

146 2131 237 2181 tstcm
250 2121 285 2198 ,in
301 2120 358 2180 alio
373 2121 453 2179 vitae
465 2137 571 2196 genere
587 2136 761 2177 consumere
769 2156 780 2189 ,
803 2117 889 2195 quad·
901 2119 971 2196 plus
992 2129 1023 2180 et
1042 2122 1160 2181 fructus
1175 2118 1241 2179 tis·

144 2224 229 2284 beret
255 2234 287 2284 et
312 2220 472 2300 dignitatis.
511 2219 580 2280 bed
603 2220 672 2298 quia
693 2237 792 2279 serum
808 2228 861 2278 est
880 2220 1051 2298 postfacto
1067 2220 1236 2295 consiliam,
1312 2230 1321 2243 “

142 2327 296 2404 Spartam,
317 2343 394 2401 quae
411 2318 483 2382 mihi
512 2320 634 2397 obtigit,
658 2338 765 2380 ornare
784 2320 900 2382 stndeo.
936 2322 1024 2383 Anno
1040 2321 1238 2401 igitursnpe-
1267 2390 1270 2395 ¹

141 2426 223 2485 riore
243 2426 410 2484 Isocratem·
424 2424 456 2483 in
479 2422 636 2503 publicum
660 2421 744 2481 edidi
772 2445 790 2481 a
816 2440 863 2485 ms
884 2444 1080 2487 conversum:
1108 2421 1163 2503 qui
1173 2420 1237 2483 etsi
1268 2464 1273 2475 -.

141 2536 269 2609 propter
281 2524 480 2585 necessariam
497 2525 717 2588 festinationem
733 2532 762 2583 et
774 2526 847 2585 alias
864 2526 1153 2587 incommodationes
1171 2530 1236 2607 ndu
1310 2544 1313 2549 ·

140 2628 189 2685 sic
208 2627 358 2686 emendari
379 2629 498 2706 potuit,
521 2638 555 2685 ut
569 2628 619 2686 vel
638 2625 713 2687 mihi
730 2627 843 2705 ubique
862 2628 1062 2703 satisfaceret,
1083 2648 1118 2687 ea
1133 2637 1236 2688 tamen

139 2730 319 2788 liberalitate
340 2730 514 2808 amplissimi
539 2740 569 2788 et
591 2729 815 2809 prudentissimi
831 2731 960 2789 Senatus
978 2727 1238 2807 Norimbergensis
1288 2736 1298 2746 ”

146 2831 243 2905 (euius
259 2830 429 2891 honorificis
442 2829 480 2888 de
498 2850 546 2888 ma
559 2829 680 2888 iudiciis
700 2849 762 2886 non
779 2829 877 2888 nsinm
889 2829 1004 2902 debeo,
1021 2827 1237 2905 quam-muni«
1307 2865 1310 2871 =

138 2932 288 3006 tinentiae,
308 2953 344 2991 ae
362 2950 480 3010 sempor
488 2926 632 3009 debebo),
648 2948 684 2987 eo
699 2928 829 2988 candore
843 2928 1000 2987 doctorum
1020 2935 1065 2987 est
1078 2935 1234 3005 exceptus,
1283 2938 1286 2943 '

138 3043 176 3092 nt
203 3054 250 3093 mc
280 3056 342 3094 non
364 3034 432 3092 ideo
456 3032 613 3112 poenitere
634 3029 741 3089 debeat
768 3030 851 3089 illius
881 3029 1114 3105 lucubrationis,
1142 3048 1234 3108 quam

137 3156 220 3195 nunc
238 3135 394 3196 succisivis
413 3133 498 3193 horis
520 3133 667 3192 secundas
687 3132 812 3193 editioni
828 3131 975 3193 adorasse
990 3148 1095 3214 conor,
1117 3140 1153 3195 ut
1165 3139 1240 3190 tan-f
1305 3141 1307 3145 ’

136 3247 240 3298 tarum
256 3239 393 3297 virmnm
413 3238 519 3296 lavore
536 3243 565 3295 et
590 3234 777 3294 eruditorum
803 3232 1017 3312 approbatione
1038 3233 1160 3312 dignior
1172 3234 1234 3295 sli-
1304 3247 1306 3250 ‘

138 3349 251 3418 quanto
271 3339 422 3407 videatur.
464 3339 500 3397 In
519 3356 580 3417 quo
602 3347 709 3396 autore
728 3354 798 3395 cum
818 3335 991 3397 moduine
1010 3356 1072 3397 nan
1091 3335 1251 3415 inampie.

139 3450 206 3499 cato
221 3440 369 3517 iecissem,
391 3462 427 3500 nc
442 3440 537 3500 maius
552 3459 629 3519 opus
643 3436 833 3517 aggrediendi
851 3446 970 3519 tempus
992 3460 1055 3500 esso
1069 3441 1234 3514 videratur,
1308 3449 1312 3455 ’

138 3562 200 3599 non
217 3560 398 3620 magnopere
415 3562 481 3601 sum
503 3537 676 3600 adversntds
696 3539 815 3601 loannis
828 3539 969 3618 Oporini,
991 3542 1153 3605 doctissimi
1174 3541 1234 3601 viri

137 3641 271 3722 mihique
303 3642 489 3717 amicissimi,
529 3642 660 3717 iudicio,
695 3641 748 3720 qui
768 3640 997 3703 Demosthenem
1023 3646 1150 3705 launum
1173 3641 1233 3701 hm

137 3744 241 3804 multis
271 3744 395 3804 annua
427 3744 571 3803 studiosis
588 3744 716 3822 flagitari
743 3742 903 3803 indicabat.
951 3744 980 3804 A
1002 3766 1063 3824 quo
1086 3760 1177 3822 opere
1195 3759 1232 3799 ao

138 3847 236 3904 minas
248 3843 456 3915 abhorrebam,
480 3843 563 3924 quod
580 3845 758 3927 iampridem
772 3844 904 3906 eiusdem
929 3846 1041 3908 autoris
1060 3863 1122 3904 non
1139 3841 1232 3903 modo

140 3947 283 4024 quasdam
306 3948 455 4009 orafiones
478 3948 588 4026 ingenii
610 3945 776 4010 exercendi.
791 3947 887 4023 matie
899 3956 1113 4020 converteram,
1133 3942 1187 4004 sed
1201 3952 1233 4007 et

137 4047 304 4109 locutiones
331 4050 430 4109 mhrus
457 4051 649 4130 pervulgatae
677 4058 707 4109 et
733 4047 894 4110 sententias
928 4067 1029 4110 amnes
1053 4050 1231 4130 insigniores
1311 4102 1315 4109 ,

136 4148 169 4207 in
188 4152 340 4229 peculiare
360 4153 501 4212 volumen
520 4153 721 4212 contuleram:
738 4159 772 4212 et
790 4149 965 4210 assiduitate
986 4124 1154 4232 diligeniiae
1170 4151 1233 4212 fra·

135 4260 189 4312 tos
214 4273 262 4314 me
291 4272 402 4315 msere
424 4252 539 4333 aliquid
564 4261 654 4332 atque
684 4250 804 4315 efficere
824 4271 913 4334 possa
937 4255 1112 4333 sperabam,
1147 4245 1233 4333 quod
