2768 4724
174 190 224 294 212
285 220 318 261 ³
547 163 956 293 ausararrorss
994 196 999 209 '

164 388 421 476 'commanerem
434 392 587 474 quoddam
600 403 708 456 natura
726 393 912 475 prudentum
930 396 1065 476 possidet
1086 397 1120 459 in
1138 419 1171 463 ae
1188 404 1278 464 tdts-

79 554 84 559 .
179 519 266 575 men,
288 488 370 577 quod
382 487 495 557 bonum
509 496 644 556 omnious
661 505 720 571 est,
744 505 774 557 et
786 496 916 558 salutare
925 541 934 575 ,
956 501 1084 563 maxime
1096 511 1197 563 sutem
1216 525 1277 584 po-

179 603 260 684 pulis
271 599 413 660 adversus
429 600 586 677 tyrannos:
617 596 768 676 quodnam
783 597 876 676 igitur
890 598 968 659 illud
981 602 1048 662 est'l
1069 604 1274 668 incredulitas.

179 703 258 764 hanc
272 699 437 773 custodite,
458 694 538 756 hane
551 698 796 778 complectimini:
817 698 1111 780 aihanuaerreritis,
1131 705 1208 765 nihil
1219 706 1276 765 ad·

178 805 260 863 versi
287 799 450 883 patiemini.
494 797 576 870 Quid
602 799 695 877 igitur
713 801 874 879 quaeritis,
902 800 1048 880 inquam?
1084 806 1273 868 Libertatem·

177 905 284 964 Nonne
312 901 421 962 videtis
452 894 625 980 Philippum
656 901 848 961 alienissimae
865 901 904 961 ab
928 923 962 962 ea
990 905 1039 964 vel
1061 909 1274 986 appellationes
1295 959 1302 982 ,
1340 902 1344 911 ’

131 984 134 991 ’
177 1003 361 1064 habentem‘l
394 1000 490 1059 omnis
519 1001 597 1059 enim
617 1020 673 1060 rex
693 1012 724 1062 et
742 1012 887 1081 munaus
909 1004 1046 1064 inimicm
1064 1017 1110 1066 est
1128 1009 1273 1085 libertati,
1294 998 1297 1004 ¹

177 1118 209 1170 ot
223 1104 389 1167 contrarius
403 1094 527 1179 legibue.
569 1099 669 1160 Hebes
686 1093 779 1181 igitur
801 1104 938 1181 tendum,
958 1107 1000 1165 mi
1022 1107 1118 1184 Clari,
1131 1109 1177 1168 'ab
1193 1109 1273 1168 ttdo

176 1218 241 1283 tuo,
262 1224 336 1286 quus
351 1197 465 1263 iamdiu
485 1199 660 1261 desiderasti
676 1202 882 1264 Demosthenis
896 1207 1060 1284 orationes,
1087 1208 1179 1270 habet
1198 1211 1273 1276 urbs

176 1303 345 1389 Epidaurus
361 1324 449 1384 quem
464 1303 572 1362 debeat
583 1303 695 1363 librum
707 1304 746 1364 ad
760 1324 845 1365 auam
863 1305 1020 1369 utilitatem
1031 1320 1179 1370 numurus
1197 1330 1273 1372 ven-

177 1429 245 1469 sare
257 1424 364 1480 manu,
386 1400 507 1464 versare
524 1403 646 1479 diurna,
667 1403 780 1465 habent
789 1415 820 1466 et
834 1415 967 1475 eaeteras
979 1412 1111 1492 respubl.
1126 1412 1271 1490 quemad-

177 1505 303 1568 modum
317 1505 482 1585 prudenter
495 1524 527 1564 se
539 1523 653 1581 regere,
675 1506 900 1587 gubernereque
916 1520 1006 1588 atque
1021 1533 1039 1570 a
1050 1514 1183 1591 tyrannia
1199 1515 1271 1575 md.

176 1609 249 1669 dere
263 1617 343 1666 tutas
357 1616 477 1686 queant,
497 1604 589 1664 habet
597 1606 830 1667 studiosissimus
844 1610 987 1690 quisque,
1009 1632 1102 1691 aquo
1121 1635 1181 1675 una
1201 1637 1269 1678 caum

175 1730 281 1789 graeca
292 1710 401 1786 lingua,
412 1717 443 1767 et
457 1708 653 1786 eloquentiam
667 1708 777 1788 optime
790 1709 914 1786 discum,
928 1721 959 1770 et
969 1713 1157 1775 utilissimum
1168 1719 1202 1776 iu
1214 1739 1268 1778 aua

175 1809 330 1893 republica
341 1809 641 1893 praeaturesepoeuit.
655 1808 736 1871 Vale.
742 1810 873 1872 venetiis
884 1832 985 1874 meme
997 1814 1121 1879 Octobr.
1126 1817 1167 1878 Μ.
1173 1817 1209 1876 D.
1214 1818 1264 1878 IV.

634 2017 839 2037 m·-

373 2175 616 2271 ,Euusuu
647 2150 1048 2257 norinorum

237 2289 297 2377 an
327 2313 679 2377 araviumauu
707 2315 893 2376 naman
921 2316 1201 2380 eusarsrio.

174 2435 270 2496 nas.
315 2432 528 2494 erasmus
572 2431 677 2493 nor.
718 2433 1044 2496 ornarissmo
1072 2435 1266 2530 ¹anonu-
1314 2456 1323 2469 ·
1361 2390 1368 2401 ⁴

173 2535 342 2611 scauri
360 2533 526 2595 warni
546 2533 761 2596 uaonuro
780 2534 1169 2598 rauuoasrrtuuo
1185 2541 1214 2598 s.
1227 2541 1263 2598 n.

235 2707 275 2766 Ut
285 2703 411 2766 antehae
431 2703 559 2783 pessime
580 2704 619 2763 de
639 2703 744 2764 studiis
762 2704 955 2765 merebantur
968 2705 1028 2780 isti,
1052 2707 1103 2784 qui
1121 2726 1264 2785 praeseu-

171 2808 211 2869 tia
230 2807 331 2869 lucelli
360 2805 524 2886 cupiditate
554 2804 706 2865 maledicio
734 2825 770 2864 au
796 2806 932 2866 tualibus
963 2808 1074 2868 libellis
1099 2806 1264 2885 implebant

173 2910 288 2972 urbem:
317 2908 360 2968 ita
382 2906 532 2965 bonorum
561 2906 693 2967 omnium
719 2906 823 2966 favore
855 2907 938 2985 digni
958 2918 1044 2984 sunt,
1078 2908 1130 2986 qui
1158 2927 1262 2991 curam

171 3032 288 3071 amnem
300 3019 389 3089 atque
403 3006 581 3067 industriam
595 3006 657 3067 hue
678 3007 846 3080 conferunt,
868 3017 903 3066 ut
927 3017 1061 3066 vetustus
1074 3009 1262 3066 multorum-

170 3131 229 3190 que
245 3112 416 3171 aemulorum
430 3107 683 3167 consentientibus
708 3104 858 3182 suffragiis
881 3107 1025 3185 probatos
1039 3117 1159 3167 autores
1172 3109 1260 3169 nobis
1365 3174 1369 3179 ,

169 3218 323 3283 revocent,
342 3207 434 3287 idque
447 3228 516 3269 oum
528 3208 680 3285 dignitate.
722 3205 950 3267 Demosthenem
960 3217 1061 3267 autem
1071 3196 1152 3269 inter
1165 3211 1261 3270 Grae-

95 3342 98 3347 ·
170 3331 223 3371 cos
241 3309 377 3369 rhetores
401 3309 445 3369 sie
466 3329 530 3371 esse
552 3305 692 3388 primum,
715 3307 825 3366 utrix
850 3308 995 3383 invenias,
1017 3330 1106 3388 quem
1124 3331 1192 3371 eum
1206 3312 1261 3370 illo

169 3411 266 3492 poesia
280 3411 426 3485 conferre,
440 3429 563 3487 magnus
577 3408 766 3471 eruditorum
780 3407 911 3469 omnium
925 3428 1087 3470 consensus
1101 3423 1157 3471 est.
1199 3413 1262 3473 Ne-

171 3533 230 3592 que
254 3533 317 3572 non
339 3521 422 3571 reete
442 3518 637 3590 praeceptum
659 3516 705 3567 est
722 3507 815 3583 illud,
841 3509 878 3567 ub
898 3510 1018 3588 optimis
1040 3513 1257 3592 auspicandum

171 3632 245 3699 esse.
286 3613 389 3690 Euque
410 3610 572 3691 quendam„
584 3609 667 3687 apud
677 3609 800 3669 Latinos
824 3630 841 3667 s
857 3611 1076 3689 probatissimis
1089 3624 1260 3694 -poetauum

168 3713 260 3793 pueri
273 3713 429 3773 discebant
447 3711 600 3771 literarum
613 3711 766 3771 elementa,
807 3710 836 3768 N
837 3730 872 3769 ec
892 3712 927 3771 id
939 3713 1106 3773 dissimulat
1117 3716 1260 3775 Horatius

170 3813 213 3872 ita
225 3815 264 3875 de
277 3815 341 3874 ausis
354 3809 540 3892 poematibus
557 3809 736 3871 vaticinans:
757 3808 818 3870 hoe
834 3832 954 3892 quoque
973 3825 1003 3874 te
1014 3825 1124 3889 munet,
1146 3825 1182 3873 ut
1200 3834 1261 3893 pu-

172 3934 240 3974 eros
256 3916 400 3987 elementa
419 3910 577 3971 docentem
592 3921 724 3990 occupet
741 3912 776 3971 in
792 3913 867 3972 vicia
890 3916 1043 3975 Sosiorum
1063 3915 1153 3973 balba
1174 3935 1261 3975 sens-
1355 3918 1359 3927 '

172 4026 265 4107 otuu*
290 4012 453 4075 le'imum
471 4011 549 4072 euim
563 4013 666 4088 refert,
688 4013 742 4092 qui
755 4033 865 4073 succus
878 4015 989 4103 rudem,
1000 4015 1161 4075 etiamnum
1174 4016 1260 4093 inge-

170 4119 213 4187 nii
232 4114 371 4177 testatam
391 4112 515 4175 imbuat.
567 4115 684 4175 Utiliter
706 4113 833 4194 quidem
858 4115 986 4195 primam
1009 4115 1095 4175 latini
1117 4115 1259 4177 sermonis

171 4213 389 4279 institutionem
398 4237 418 4277 a
430 4214 547 4287 selectio
559 4216 656 4296 puetis
667 4215 911 4297 auspicabantur,
925 4216 1008 4298 quud
1020 4215 1054 4277 hi
1063 4225 1183 4299 praeter
1195 4215 1259 4277 vir-
