2768 4724
364 220 425 288 ΑΙ)
446 216 598 284 ouer..
616 214 687 283 DE=
705 213 984 287 SYMMORHS.
1167 219 1232 287 πθ

1255 350 1263 377 Ι

135 386 249 476 parvos
265 392 439 454 duodenum
461 393 599 451 virorum
618 399 719 451 temes
743 386 894 448 habebant
912 405 1014 447 uara.
1050 386 1165 468 bia'grris
1184 396 1230 449 st-
1253 391 1265 411 '⁴

87 528 91 537 .
138 482 233 543 tribui
248 477 488 556 vult'quinquies
506 495 653 550 sexagena
667 476 788 547 talenta,
802 473 837 532 id
851 485 911 547 est,
928 474 1232 554 trecentenszparvis
1257 523 1260 529 .
1292 500 1304 509 ··

140 562 404 644 quintam-borum
416 570 541 641 'partem
552 604 561 633 ,
572 558 617 617 ‚id
635 568 698 631 est,
723 578 878 634 sexagena.
911 558 987 615 Cum
1008 567 1105 617 autem
1120 578 1251 638 parese-

140 651 196 710 sub
211 651 326 733 maguis
354 646 563 719 contineantur
587 663 696 722 easque
718 644 915 716 constituant,
938 641 1061 711 videtur
1077 641 1163 703 baec
1185 643 1235 702 di·

139 735 258 807 stinctio
280 732 395 792 ordinis
417 740 446 789 et
466 729 691 809 perspicuitatis
709 748 798 787 causa
816 748 879 788 esse
894 727 1040 793 instituta.
1071 727 1130 787 Sed
1145 748 1235 806 repe-

141 828 201 879 tam
220 817 266 899 (ut
287 818 338 877 sel
355 814 528 879 rudioribus
549 814 599 871 vel
621 813 807 893 segnioribus
827 810 994 893 gratificer)
1018 833 1134 872 omnem
1155 811 1235 871 bane

103 952 107 957 .
141 901 348 965 llemestlreeis
360 896 587 983 arithmeticam.
615 896 639 955 1.
664 896 743 970 Viri,
767 896 819 976 qui
839 897 975 957 triremes
990 889 1155 971 instruant,
1175 897 1236 957 sint

141 978 222 1047 mille
236 996 266 1046 et
278 985 408 1047 ducenti.
431 982 576 1059 Adiungit
591 992 690 1040 autem
702 981 749 1040 bis
765 982 966 1061 octingentos,
980 991 1032 1056 ut,
1051 980 1142 1060 siqui
1157 980 1237 1043 inter

140 1068 208 1131 ille's
229 1068 373 1129 immunes
395 1072 574 1145 quacunque
596 1065 632 1124 de
656 1086 744 1124 causa
765 1066 892 1140 luerint,
921 1086 1062 1137 numerus
1079 1066 1136 1145 ille¹
1154 1069 1237 1133 1200
1266 1068 1282 1087 “

143 1155 337 1235 cqmpleatur.
365 1151 402 1209 ll.
422 1152 459 1209 lli
479 1153 560 1214 1200
574 1160 645 1209 sunt
662 1148 816 1229 dividendi
832 1151 865 1209 in
885 1151 978 1229 vicies
997 1170 1169 1231 sexagenos.
1192 1151 1237 1211 lte

141 1234 218 1313 fiunt
236 1260 273 1297 ex
285 1237 333 1295 his
346 1236 428 1293 mille
442 1234 580 1319 ducentis
596 1239 638 1299 20
652 1235 841 1319 syunnoriae,
858 1232 889 1293 id
906 1245 966 1309 est,
983 1232 1102 1311 coetus,
1117 1228 1237 1323 ordines

142 1340 197 1401 seu
214 1323 340 1392 classes,
364 1339 491 1397 quarum
513 1320 652 1378 classium
671 1319 803 1395 singulae
825 1339 985 1397 sexagenos
1003 1318 1084 1380 risus
1102 1318 1239 1399 comple,-

144 1417 273 1473 ctantur.
308 1400 360 1461 Ill.
383 1402 445 1461 Hae
469 1400 601 1481 singulae
628 1424 743 1479 sexager
783 1403 835 1473 {ae
859 1402 983 1479 classes,
1009 1406 1108 1473 utita
1130 1405 1237 1479 dicam,

143 1482 175 1549 in
195 1491 303 1567 quinas
319 1484 646 1567 partesduodenarias
667 1424 900 1571 distrmfuarrturs
922 1484 1083 1571 inquibus
1102 1486 1240 1567 partibus

141 1568 334 1651 ¹tenuis-simus
357 1571 483 1650 quisque
507 1570 832 1655 cumnlocupletissnno
856 1570 1063 1651 cosriungstur.
1096 1572 1146 1632 lv.
1171 1566 1240 1633 Tri-

144 1677 241 1719 remes
259 1657 319 1715 sint
338 1664 499 1725 trecentae.
520 1654 584 1729 Hae
606 1656 779 1717 dividantur
796 1656 826 1731 ip
845 1657 937 1737 liclffl
957 1650 1121 1737 quindenas
1136 1675 1238 1717 naves.

137 1740 303 1809 ·Addantur
318 1750 416 1815 autem
430 1740 552 1823 singulis
568 1741 689 1823 navium
705 1740 847 1800 centuriis
860 1742 968 1819 quinae
980 1762 1084 1801 neves:
1099 1742 1240 1801 itanaves

145 1824 342 1887 conficientur
352 1826 423 1890 315.
446 1826 620 1911 curantem
638 1822 695 1884 bae
710 1820 751 1890 ’15
769 1824 944 1901 adduntur?
964 1825 1097 1905 Esrrderp
1113 1826 1151 1885 ob
1167 1824 1242 1891 causs,

145 1932 223 1983 sem,
246 1910 370 1989 opinor,
396 1909 434 1969 ob
457 1929 546 1989 quam
564 1930 656 1991 supra
678 1913 759 1977 1200
779 1910 851 1969 viris
873 1913 936 1975 800
957 1920 1026 1969 sunt
1046 1910 1169 1971 adiecti:
1195 1908 1243 1968 uti
1275 1956 1280 1965 .

144 1993 302 2068 nimirum,
324 1994 351 2052 si
372 2013 447 2073 quae
470 2014 562 2055 naves
583 1994 680 2073 ¹minus
705 1994 792 2053 utiles
809 2003 920 2066 essent,
943 1994 1017 2053 eliae
1032 1994 1150 2055 illarum
1171 1995 1243 2053 loeo

146 2076 338 2139 haberentur.
351 2076 381 2154 *)
426 2074 462 2136 V.
483 2072 685 2157 Unaquaeque
712 2080 862 2155 συμμορία
884 2076 1053 2154 quindecim
1080 2100 1171 2138 naves
1194 2079 1243 2137 in-

148 2172 261 2222 struat:
282 2162 323 2219 ite
344 2180 541 2240 unaquaeque
565 2183 634 2241 pars
659 2160 841 2221 duodenaria
855 2156 916 2220 tres
933 2183 1024 2227 naves
1044 2158 1190 2237 instruet,
1211 2160 1245 2220 id

148 2255 208 2320 est,
235 2245 372 2325 quaterni
392 2245 450 2306 viri
472 2247 603 2323 singulas
620 2267 721 2305 neves.
755 2244 804 2305 vl.
828 2247 862 2303 ln
880 2243 934 2304 bas
953 2246 1059 2322 viginti
1080 2267 1245 2324 sexagena·

146 2330 224 2404 rias,
254 2351 329 2409 quas
354 2339 425 2393 sunt
445 2324 564 2390 'centuni
584 2322 799 2400 duodenariae,
830 2327 1040 2413 distribuenda¹
1056 2340 1126 2389 sunt
1146 2324 1245 2391 sexies

123 2412 227 2475 'inille
263 2415 384 2473 talenta.
424 2413 519 2492 ldqr're
539 2410 599 2473 lrac
624 2414 739 2475 ratione
765 2413 831 2473 fieri
856 2412 959 2475 debet:
977 2422 1010 2479 ,1.
1039 2412 1115 2474 haec
1148 2414 1246 2475 sexies

147 2498 228 2557 mille
246 2498 356 2557 talenta
378 2494 540 2554 dividenda
562 2508 632 2577 sunt
658 2497 689 2555 in
714 2498 825 2555 centies
852 2520 995 2575 sexagena
1005 2500 1142 2577 talenta,
1164 2506 1195 2564 2·
1215 2501 1247 2561 iu

146 2599 389 2659 unamquamque
407 2576 750 2660 eoppoplevquinquies
764 2598 923 2657 sexagena,
935 2580 966 2640 id
982 2592 1035 2653 est,
1051 2588 1114 2649 300
1126 2578 1246 2659 talenta,

150 2672 221 2722 sunt
240 2658 459 2742 dispertienda}
482 2664 511 2728 3.
531 2664 571 2722 ita
585 2684 781 2745 unaquaeque
805 2665 990 2735 duodenaria
1010 2672 1051 2731 60
1067 2667 1176 2727 talentu
1197 2674 1249 2725 ao'-

151 2748 256 2826 cipiet,
279 2747 310 2805 id
332 2756 391 2820 est,
413 2746 446 2805 in
471 2744 602 2825 singulas
623 2749 760 2809 triremes
778 2748 882 2806 vicena
895 2748 1247 2830 ¹·lalerita.i1npendentur.

149 2833 232 2888 Solet
250 2833 325 2889 enirn
344 2829 553 2890 Demosthenes
568 2842 708 2908 tanquam
765 2834 886 2890 summis
906 2834 1063 2911 generibus
1082 2835 1120 2893 ad
1134 2836 1249 2894 infimas

150 2914 280 2994 species,
304 2916 347 2973 sic
368 2924 458 2972 stote
473 2934 587 2973 summa
607 2916 645 2974 ad
665 2916 875 2975 minutissimas
901 2926 1002 2996 partes
1023 2920 1250 3000 perspicuitatis

151 2999 245 3077 gratia
259 2999 450 3058 descendere.
465 3000 523 3058 Sed
539 2998 612 3059 lraec
625 3000 769 3059 hactenus
785 3003 857 3060 satis
876 3003 1031 3080 perspicua
1052 3013 1080 3062 et
1098 3006 1249 3064 intellecta

152 3104 217 3143 esse
232 3095 317 3161 puto.
354 3084 438 3155 Que'e
460 3104 532 3143 vero
554 3095 722 3163 sequuntur
731 3116 746 3159 ,·
758 3086 943 3144 intricatiora
964 3086 1014 3145 illa
1035 3087 1171 3167 quidem,
1197 3108 1251 3147 ex·

149 3168 264 3247 plicare
283 3178 312 3226 et
328 3167 392 3246 ipsa
410 3182 561 3227 conemur.
591 3168 749 3249 Proposuit
774 3169 1001 3247 Demosthenes,
1013 3173 1147 3251 ‘perinde
1170 3193 1213 3235 ae
1225 3173 1251 3231 si
1310 3191 1315 3206 ·
1335 3242 1338 3247 Δ

149 3272 265 3311 summa
293 3262 414 3329 urgeret
437 3253 617 3327 necessitas,
646 3259 708 3319 300
738 3255 875 3315 triremes
906 3255 1109 3330 instruendas,
1143 3277 1251 3335 easque

151 3336 253 3395 divisit
280 3335 311 3396 iu
339 3337 430 3397 vicies
463 3337 646 3415 quindenas,
676 3340 852 3416 et.siugulis
873 3340 1031 3417 quindenis
1055 3347 1118 3407 000
1140 3344 1252 3402 tsleut's

152 3419 304 3494 attribuit,
328 3431 356 3478 et
367 3421 496 3497 singulis
518 3424 611 3483 ternis
634 3436 789 3499 sexagena.
803 3424 935 3482 Deinde.
945 3424 980 3482 sb
997 3425 1057 3484 ime
1071 3427 1180 3486 iterum
1193 3426 1250 3486 sd·

152 3502 269 3565 scendit
282 3503 322 3559 ad
339 3524 485 3564 summurn
506 3504 566 3567 hoc
580 3506 681 3566 modo.
708 3508 807 3565 Nares
825 3513 889 3572 100
899 3510 1054 3586 postulant
1068 3512 1181 3571 talenta
1200 3515 1252 3587 60,

152 3584 333 3653 trierarchos
349 3592 395 3651 12.
409 3590 507 3665 Nayes
520 3610 593 3649 vero
607 3595 671 3655 900
683 3591 795 3651 talenta
810 3596 861 3664 30,
868 3592 1050 3652 trierarchos
1062 3598 1091 3657 9.
1100 3598 1140 3674 *ἢ
1155 3595 1253 3654 Neues
1268 3606 1273 3613 '

152 3675 216 3737 300
224 3670 341 3727 talenta
350 3677 414 3746 ⁴20,
432 3672 515 3731 siros
527 3677 566 3737 4..
579 3675 638 3733 Sed
654 3675 709 3752 qui
719 3672 775 3748 bt,
798 3684 850 3748 ut,
871 3688 961 3737 aucto
977 3680 1097 3737 navium
1117 3698 1253 3753 numero,

153 3763 183 3813 et
197 3752 351 3813 hominum
366 3764 395 3813 et
409 3756 591 3823 talentorum
601 3758 757 3819 'decrescat
772 3778 930 3836 numerus,
952 3782 1022 3821 eum
1040 3762 1141 3839 petius
1160 3762 1256 3823 edsu'-
1299 3822 1302 3829 ,

153 3837 266 3915 gendes
281 3848 408 3916 uterque
423 3859 481 3901 uns
496 3862 559 3899 esse
573 3843 734 3905 videstur'l
756 3855 788 3906 et
806 3865 876 3905 cum
892 3846 1151 3922 anteaquindenis
1169 3849 1256 3913 navi-

152 3922 209 3981 bus
226 3927 288 3989 300
309 3924 421 3982 talenta
442 3927 616 4001 assignarit,
636 3940 849 3997 benetentum
872 3937 914 3996 60
936 3930 1069 3989 centenis
1086 3930 1254 3997 attribuat?

155 4006 252 4082 Quia,
274 4019 426 4069 crescente
444 4030 571 4093 numero
591 4013 777 4099 triremium,
801 4016 957 4089 decrescit·
970 4034 1112 4097 sumnus
1125 4029 1157 4077 et
1171 4016 1256 4077 viro-

204 4190 230 4257 *)
249 4188 303 4241 Sed
318 4208 344 4243 r.
359 4199 418 4245 not.
436 4193 473 4246 sd
489 4212 515 4264 p.
535 4197 600 4263 182,
619 4199 661 4254 12,
674 4202 722 4265 28,
738 4215 897 4283 seuam·

171 4287 174 4292 .
206 4276 245 4342 ss)
265 4274 602 4348 sequestrantes,
620 4286 850 4387 Ιίοψ
873 4316 876 4321 -
924 4310 927 4315 ·
1005 4318 1029 4333 --
1156 4300 1170 4327 ·'

187 4361 289 4414 desset.
308 4363 347 4413 ed
364 4363 499 4415 Demestlr.
519 4367 549 4416 Τ.
567 4368 591 4417 1.
990 4352 1066 4418 (icc
