2768 4724
304 1078 744 1198 roriconi
795 1086 1101 1204 saissa

663 1293 794 1346 AD.

363 1420 946 1517 ”ΑΝΝΟΤΑ’ΤῙΟΝἘ,8
1097 1510 1100 1517 .

285 1550 287 1555 ’
333 1592 481 1663 soss
521 1590 1066 1679 nenosrnrnrcss

622 1749 680 1804 m·
713 1750 774 1809 AD

403 1883 623 1954 steven
653 1886 994 1960 VARIANTIUM

666 2040 727 2094 IN

165 2172 338 2264 unlus
403 2174 844 2247 nnnosrnsnlcls
909 2178 1260 2253 Lucrlonnn·

299 2275 303 2284 ⁸
401 2328 409 2340 ·
496 2328 896 2398 rnsrrsrro.
996 2298 1002 2313 '

606 2522 811 2546 Μ

145 2684 212 2796 Ius
231 2747 262 2798 et
278 2735 443 2817 secutique
458 2739 571 2814 suerat,
592 2761 686 2819 seque
697 2744 811 2818 tector,
833 2745 881 2802 his
897 2745 989 2803 modo
1004 2743 1148 2804 absolutis
1158 2745 1245 2804 wol-

145 2824 231 2880 tianis
251 2832 340 2902 atque
360 2825 535 2902 Tayloranis
559 2847 576 2882 s
595 2846 643 2884 mo
669 2826 803 2885 subiecta
829 2829 966 2904 protinus
995 2828 1130 2903 meisque
1148 2829 1245 2904 ipsius

86 2900 93 2909 ⁵
144 2907 385 2967 annotationibus
406 2911 569 2988 praemissa
581 2909 675 2967 fuisse
696 2908 772 2968 haec
786 2909 862 2968 dno:
887 2917 916 2972 1.
928 2912 953 2968 T
954 2909 1061 2968 sorelli
1075 2909 1114 2967 ad
1128 2910 1246 2987 pleras-

143 3012 203 3071 que
215 2992 400 3072 Philippicas
420 3002 450 3052 et
467 2993 688 3069 adorationes,
711 2994 835 3052 alteram
846 2991 1003 3054 Aeschinis
1020 2993 1052 3052 iu
1066 2992 1245 3072 Ctesiphon-

120 3108 124 3113 ·
143 3087 206 3135 tem
224 3097 279 3136 seu
298 3087 403 3136 contra
421 3097 565 3138 coronam
587 3077 779 3139 Demostheni
800 3078 1036 3153 decernendam,
1064 3087 1094 3138 et
1119 3079 1244 3137 aiteram

142 3161 344 3220 adversariam
369 3161 575 3222 Demosthenis
609 3184 665 3242 pro
688 3163 881 3242 Ctesiphonte
904 3170 934 3223 et
954 3185 1009 3242 pro
1039 3183 1151 3223 corona
1178 3185 1241 3226 sua.
1313 3208 1318 3215 -
1360 3232 1366 3246 Ι

142 3247 368 3306 curTourellus
388 3247 553 3306 orationem
576 3248 613 3306 de
632 3248 711 3307 male
728 3258 810 3325 gesta
832 3250 979 3327 legatione
1000 3249 1242 3311 annotationibus

140 3329 312 3390 illuminare
330 3331 454 3410 insuper
472 3330 628 3407 babuerit,
650 3331 733 3391 haud
754 3342 882 3393 constat.
926 3341 955 3398 2.
973 3333 1147 3393 Wolsmnnm
1162 3336 1244 3393 reli·-

144 3416 283 3492 quin-mn
296 3415 592 3476 Demosthenicarum
607 3418 891 3496 interpretationem.
927 3417 1038 3477 Verum
1052 3419 1242 3495 gravissimos

143 3519 249 3558 carnae
261 3500 377 3558 volenti
388 3501 634 3562 intercesserunt:
654 3500 731 3562 baec
740 3503 838 3581 primo
853 3502 939 3574 loco,
958 3501 1041 3580 quod
1052 3504 1241 3563 satisfacien-

143 3584 216 3642 dum
229 3584 349 3643 tandem
367 3586 528 3664 aliquando
552 3596 630 3646 esset
647 3608 768 3661 eorum,
791 3607 866 3664 quos
888 3586 998 3645 dlutius
1013 3589 1160 3647 sustinere
1180 3609 1240 3645 ne«

140 3688 200 3748 que
224 3689 368 3747 aequum,
391 3690 487 3749 neque
510 3669 684 3745 honestum,
714 3690 811 3750 neque
832 3671 1002 3731 excusabile
1027 3671 1148 3745 fuisset,
1170 3692 1240 3730 nom

141 3753 315 3814 adhucdum
327 3774 454 3834 prorsus
466 3765 605 3834 negatum
617 3757 675 3815 suit
687 3756 867 3829 satisfacere,
887 3756 1135 3833 flagitationibus3
1157 3775 1239 3831 quo-

139 3837 268 3898 rundum
294 3841 383 3898 etiam
411 3840 631 3919 suspicionibus
658 3850 722 3900 erat
744 3842 982 3919 occurrendum,
1024 3840 1121 3917 siqui
1143 3840 1237 3913 sucre,

140 3925 196 4001 qni
210 3924 405 3983 cessationem
422 3935 512 4002 atque
527 3923 697 3985 dilationem
716 3925 856 3985 editionis
870 3925 1093 3985 annotationum
1106 3944 1239 3985 mearum

137 4028 198 4087 pro
213 4010 298 4067 lawa
310 4009 471 4070 iactantiae
485 4019 515 4067 et
526 4011 708 4089 imposturae
719 4011 902 4069 habuissent.
932 4008 1027 4085 Aequi
1040 4028 1141 4066 omnes
1155 4010 1237 4070 ultro

139 4094 332 4169 fatebuntur,
355 4095 380 4152 ai
398 4094 478 4153 viam
492 4103 593 4154 tenere
605 4097 730 4170 vellem,
754 4097 803 4155 cui
823 4104 858 4154 ut
876 4093 1094 4168 adstringerer,
1111 4094 1142 4152 in
1158 4116 1237 4172 pro·-

137 4191 305 4255 grsmmate
326 4200 403 4237 aimo
426 4184 515 4245 1768.
539 4179 619 4238 edito
637 4180 832 4261 promiseram
853 4200 902 4238 me
925 4187 1101 4253 cautursm,
1123 4199 1236 4239 secun-

139 4262 214 4326 dum
230 4263 460 4326 Demosthenem
472 4264 572 4326 statim
584 4266 716 4346 reliquos
730 4274 864 4327 oratores
877 4262 936 4323 tori
949 4261 1041 4323 Attici
1055 4284 1116 4325 imo
1132 4274 1236 4326 tenore
