2768 4724
399 232 467 299 an
494 233 923 305 nnnosrnnann.
1154 218 1209 308 aa
1258 244 1262 249 ’

102 422 272 485 verecundi
294 432 325 484 et
343 422 500 504 prudentis
521 423 611 484 animi
631 425 731 500 fuerit,
753 445 796 509 ea,
818 446 893 504 quaa
905 444 965 486 non
977 426 1097 505 habeas,
1119 429 1197 490 alo-

104 526 324 606 cupletioribus
337 527 511 606 ,corrogare
562 525 660 606 Atque
678 527 711 586 id
729 526 803 586 mihi
822 528 913 589 fuisse
932 533 1138 612 propositum,
1167 542 1199 593 et

105 626 323 689 Tbeasouieam
334 648 439 689 eornm
455 619 663 708 arrogantiam,
685 631 736 710 qui
753 649 785 690 se
801 630 878 690 scire
895 633 990 691 onmia
1005 633 1197 713 profitentur,

105 730 308 809 displicuisse,
336 720 386 790 vel
407 751 446 790 ex
468 752 504 791 eo
527 732 635 792 coniici
652 731 875 812 potest,'qnod,
898 731 951 789 ubi
971 734 1010 792 ad
1025 734 1199 796 huiusmodi

103 831 240 890 salebras
260 841 438 919 peruentum
461 833 528 910 fuit,
549 834 582 892 in
598 834 730 894 leocrate
752 833 955 897 dubitationes
977 854 1055 894 meas
1067 839 1102 894 in
1114 838 1214 897 calce·
1236 898 1243 915 ,

104 935 213 1012 operis
235 936 391 994 annotavi:
414 943 504 1013 atque
524 936 557 994 in
570 934 768 995 Demosthene
783 936 897 996 Graeca
913 934 1033 1014 pridem
1052 939 1200 1014 margini·-

103 1035 166 1093 bus
190 1033 298 1094 adieci:
336 1043 368 1095 et
392 1035 425 1093 in
446 1033 505 1095 fine
530 1039 755 1099 annotationum
779 1038 817 1098 ad
839 1038 967 1118 primam
989 1037 1201 1116 Olyntbiacam

105 1154 244 1195 mearum
268 1154 379 1215 aequos
401 1136 530 1198 lectores
552 1139 667 1220 rogavi,
689 1148 724 1198 ut
739 1157 825 1197 suum
837 1139 876 1197 ad
888 1158 936 1197 me
951 1139 1138 1218 perscribere
1150 1140 1202 1200 iu-

106 1235 224 1296 dicium
234 1256 294 1295 non
308 1248 512 1315 gravarentur.
557 1239 647 1312 Quod
660 1235 804 1300 hactenus
818 1239 939 1317 quidem
952 1261 970 1298 a
982 1241 1108 1316 nemine,
1132 1241 1201 1321 qui-

104 1339 285 1417 buscunque
303 1338 341 1398 de
369 1341 485 1416 causis,
508 1359 572 1400 esse
594 1340 706 1400 factum
726 1341 867 1417 cognovi:
889 1349 978 1418 atque
998 1342 1023 1400 ii
1042 1343 1131 1403 etiam
1151 1362 1201 1403 me

106 1440 323 1515 destituerunt,
345 1460 421 1520 quos
438 1462 539 1501 coram
554 1442 649 1516 oravi,
669 1451 705 1501 ut
720 1461 804 1500 suam
825 1458 980 1517 cernuam
998 1445 1201 1526 interponere,

108 1562 147 1602 ac
165 1552 233 1601 tum
252 1541 327 1600 mibi
346 1551 411 1601 tum
432 1543 508 1617 aliis,
528 1544 687 1622 utriusque
706 1543 824 1621 linguae
844 1544 1033 1620 amatoribus,
1053 1547 1201 1606 inservire
1225 1533 1228 1540 ¹

110 1634 320 1704 obscuriorum
331 1644 470 1703 locorum
490 1645 649 1723 (quantum
668 1645 731 1704 fieri
746 1643 859 1726 posset)
875 1644 1071 1704 illustratione
1090 1645 1201 1722 digna-
1256 1628 1259 1636 ¹

109 1756 225 1807 rentur.
267 1745 347 1805 lllud
363 1746 483 1823 quidem
498 1745 615 1806 abtmde
628 1746 701 1805 mihi
718 1749 851 1826 contigit,
874 1765 934 1826 quo
949 1747 1024 1805 nulli
1043 1734 1208 1825 praestan·¹

110 1854 156 1905 tes
181 1845 240 1904 viri
259 1845 329 1924 (etsi
347 1866 402 1924 ego
421 1867 470 1906 me
489 1847 521 1905 in
540 1867 607 1906 eum
631 1867 786 1909 ursmarum
803 1849 923 1909 minime
940 1844 1051 1928 refero)
1066 1863 1203 1935 unquam

107 1955 280 2022 caruerunt,
302 1956 339 2006 ut
355 1947 535 2007 exsisterent·
545 1948 759 2010 homunciones
779 1951 897 2030 ignavi,
920 1957 1101 2026 arrogantes,
1125 1944 1203 2006 dali-

109 2048 187 2126 cati,
214 2048 369 2124 maledici,
399 2050 451 2128 qui
474 2051 608 2110 caninam
628 2061 733 2111 contra
751 2072 799 2111 me
820 2052 990 2111 facundiam
1014 2057 1203 2108 exercerent:
1252 2114 1255 2119 Α

112 2170 189 2229 quos
215 2170 268 2228 ego
284 2151 334 2209 vel
350 2150 490 2229 opinione
510 2171 563 2209 sua
583 2153 685 2212 beatos
709 2174 781 2228 esse,
802 2153 851 2212 vel
872 2153 969 2212 livore
983 2152 1203 2224 contabescere,

111 2251 164 2310 rel
191 2251 304 2310 latratu
334 2271 423 2310 auras
455 2253 579 2331 implere
606 2255 692 2314 facile
710 2257 823 2335 patior,
852 2262 883 2313 et
903 2252 1101 2310 conscientiae
1120 2265 1205 2310 meaa

111 2354 285 2441 testimonio
301 2362 468 2428 contentus,
491 2363 520 2412 et
540 2356 723 2434 posteritatis
746 2356 937 2436 aequioribus
957 2352 1077 2412 iudiciis
1099 2338 1204 2427 fretus,

110 2455 213 2514 valere
224 2456 323 2515 iubeo.
367 2454 451 2527 Quae
473 2475 542 2514 cnm
556 2456 597 2514 ito
611 2458 679 2531 sint,
702 2478 755 2536 ego
769 2478 825 2532 me,
849 2458 900 2534 qui
917 2477 960 2531 ea,
983 2473 1059 2533 quae
1075 2452 1205 2512 tenuitas

111 2564 143 2615 et
160 2555 271 2632 ingenii
291 2566 322 2616 et
341 2557 478 2616 fortunae
497 2578 578 2616 meae
599 2558 708 2633 ferunt,
731 2560 826 2618 omnia
845 2557 1001 2635 diligenter
1015 2554 1215 2632 fideliterque-

108 2659 329 2737 praestiterim,
349 2658 421 2717 boni
441 2659 501 2717 viri
524 2659 632 2733 officio,
657 2670 687 2718 et
702 2661 884 2741 reipublicae
909 2656 1058 2718 literarias
1079 2654 1207 2714 studiosi

111 2760 253 2818 functum
281 2781 343 2820 esse
372 2760 499 2820 conlido.
558 2761 646 2821 Faxit
675 2762 755 2821 Deus
780 2764 920 2840 Optimus
944 2759 1106 2830 Maximus,
1142 2755 1207 2814 sine

115 2859 205 2919 cuius
217 2861 319 2920 favore
338 2861 451 2921 frustra
468 2882 523 2922 nos
544 2861 713 2936 fatigamus,
735 2872 771 2918 ut
792 2882 883 2939 opera
897 2879 962 2915 mea
977 2866 1094 2915 tantum
1110 2856 1221 2932 prosit

114 2960 267 3037 omnibus,
302 2973 445 3042 quantum
474 2982 528 3040 ego
554 2961 675 3021 vellem:
705 2970 799 3038 utque
828 2959 946 3017 labores
971 2955 1004 3013 hi
1026 2956 1084 3012 mei
1103 2953 1209 3013 eodem

115 3060 285 3122 animorum
307 3065 436 3124 candore
456 3086 473 3122 a
492 3062 655 3122 lectoribus
669 3062 872 3140 ‘excipientem
895 3078 956 3137 quo
978 3078 996 3116 a
1016 3075 1065 3114 me
1078 3047 1210 3135 suscepti

113 3163 305 3248 perfectique
329 3165 406 3225 s'unt.
448 3165 647 3224 Peracerbum
663 3165 740 3223 enim
756 3173 810 3238 eat,
830 3163 915 3221 nullo
928 3180 983 3220 suo
999 3157 1210 3234 emolumento,

116 3260 261 3345 publicae
287 3266 433 3326 duntaxat
448 3267 587 3325 utilitatis
610 3267 701 3342 gratia
722 3267 916 3338 laborantem,
937 3262 1101 3322 virulentas
1120 3261 1212 3322 etiam
1306 3285 1308 3289 ⁴

116 3366 366 3426 calumniatorum
394 3368 512 3445 linguas
539 3367 681 3445 experiri:
709 3386 836 3445 quorum
855 3383 993 3423 susurros
1028 3374 1118 3443 atque
1137 3384 1211 3424 acu-

116 3467 182 3525 leos
198 3468 224 3526 si
240 3470 354 3528 evitare
373 3490 434 3527 non
454 3468 567 3543 licebit,
588 3467 663 3525 illud
680 3488 727 3526 me
751 3466 963 3540 consolabitur,
986 3466 1068 3545 quod
1086 3465 1211 3544 Magnus

119 3553 289 3629 Alexander
302 3569 478 3649 usurpabat,
499 3570 609 3650 regium
622 3591 681 3631 esse
698 3567 801 3629 audire
815 3567 903 3644 mab,
926 3567 1109 3652 samsucius
1132 3565 1209 3628 bene.

116 3668 265 3747 Mitigabit
284 3683 314 3732 et
331 3673 384 3731 illa
404 3671 482 3730 ratio
506 3670 639 3730 dolorem
654 3668 762 3746 meum,
786 3670 865 3750 quod
882 3668 996 3729 cordati
1014 3688 1115 3727 omnes
1128 3665 1213 3724 haud

117 3771 285 3832 difficulter
301 3772 496 3853 perspiciunt,
517 3772 551 3832 id
572 3774 904 3850 genus-,criminationes
924 3789 986 3830 non
1009 3779 1069 3827 tam
1093 3765 1130 3824 ab
1154 3765 1214 3824 im-

119 3874 301 3952 probatione
315 3873 413 3961 magni
427 3881 551 3932 conatus
566 3893 601 3930 ac
617 3872 748 3933 difficilis
762 3874 861 3954 operis
882 3880 1036 3932 contemtu
1051 3866 1214 3946 proficisci,

124 3993 215 4052 quam
234 3977 270 4034 ab
296 3975 510 4049 aemulatione,
540 3974 763 4051 malevolentia,
793 3974 918 4034 invidia:
950 3991 1026 4051 quae
1045 3970 1078 4026 in
1100 3989 1214 4028 summa

123 4076 310 4153 turpitudine
331 4077 364 4136 id
394 4075 491 4134 solum
511 4074 601 4134 habet
620 4075 702 4151 boni,
724 4074 805 4154 quod
825 4077 881 4150 iis,
908 4077 939 4134 in
963 4090 1089 4153 quorum
1110 4071 1215 4129 animis

123 4175 227 4234 sedem
239 4175 313 4251 fixit,
334 4178 497 4257 plurimum
508 4176 592 4235 affert
603 4178 681 4235 mali.
725 4179 787 4254 Ego
799 4196 871 4237 vero
886 4177 1008 4234 illorum
1020 4173 1141 4232 miseria
1154 4192 1215 4230 non

125 4275 272 4354 delemur,
296 4276 351 4338 sed
368 4298 419 4339 eoa
440 4279 481 4338 ita
504 4277 606 4340 felices
620 4297 683 4340 esse
698 4278 814 4354 vellem,
836 4287 879 4353 ut,
902 4295 979 4356 quae
993 4274 1217 4355 reprehendunt
