2768 4724
72 265 76 280 .
143 220 207 289 816
492 205 859 273 ANNOTATIONES

145 385 262 448 tametsi
282 399 390 462 operae
408 381 549 443 vitiosum
564 379 763 441 exhibuerunt
783 371 822 442 ato
843 366 1014 460 άαειθεὶητὲ
1030 401 1092 460 μοι.
1123 377 1240 442 Aldina

144 471 266 550 Taylori
280 468 331 525 dat
346 471 372 530 εἰ
384 462 553 546 πεισθείητ’
569 465 643 545 ἐμοὶ.
658 486 755 525 aaran.

208 572 239 633 P.
267 574 336 642 192.
358 589 388 628 v.
410 573 460 632 27.
482 559 1239 648 sois·yeyevapivoev-sirropvriooo]ssitentAnecd.

80 678 84 686 ·
128 657 238 718 'Bekk
253 675 283 733 p.
298 658 373 727 176,
391 657 441 716 21.
460 671 616 710 susurrare.
971 661 973 664 ⁴

210 756 242 815 P·
260 759 336 818 192.
360 773 390 812 v.
413 757 463 817 27.
485 748 528 830 τι]
547 751 695 809 Ornittunt
709 751 820 811 Anecd:
837 752 930 813 Bekk.
943 754 964 812 l.
978 771 1004 812 c.
1018 771 1181 813 acuaarru.

209 856 242 915 P.
267 859 338 918 192.
359 873 388 916 ν.
412 858 463 916 97.
489 848 595 931 [εών]]
620 852 713 910 Abest
732 875 749 911 a
774 852 864 911 Paris.
885 848 982 930 p'rimo
1004 863 1034 911 et
1054 853 1176 930 quinto,
1199 853 1239 912 ab

140 937 221 1016 Ἀυρ.
237 939 350 1017 primo,
366 937 546 994 aBavarico.
569 930 735 994 Articulum
750 937 816 994 tolli
830 930 934 995 'relimz
954 938 1102 996 nonenim
1115 937 1240 996 diversa

146 1033 218 1084 aunt
234 1022 270 1082 τά
286 1020 464 1101 γεγενημένα
481 1029 510 1077 et
523 1013 558 1077 τά
572 1013 802 1097 συνενηνοχάτα,
816 1019 868 1078 sed
886 1020 996 1080 eadem.
1019 1024 1049 1079 in
1063 1025 1240 1081 memoriam

49 1153 53 1167 .
145 1105 228 1167 uobis
249 1127 336 1163 unum
354 1100 469 1183 aliquid
489 1124 585 1160 eorum
606 1102 765 1179 revocabo,
787 1126 862 1183 quae
875 1102 970 1185 sacra
990 1105 1076 1183 [cum
1096 1116 1182 1182 gesta
1209 1115 1240 1165 et

146 1197 268 1270 peracta
290 1187 402 1265 essent]
422 1183 503 1243 vobis
522 1183 703 1272 prosuerunt.
718 1207 814 1247 narses.
846 1187 952 1247 Omisit
971 1190 1096 1251 Bekker.
1128 1191 1238 1268 Neque

47 1326 51 1332 .
130 1273 258 1339 'habeut
272 1271 383 1334 Anccd.
398 1269 489 1328 Bekk.
504 1270 524 1327 l.
541 1289 566 1328 c.
582 1290 738 1329 scuarrar.

211 1375 243 1432 Ρ.
268 1378 336 1437 199.
358 1391 388 1444 V.
411 1375 462 1435 27.
488 1366 739 1447 συνενηνοχότων]
761 1370 924 1448 συμφέρειν
939 1374 1010 1433 alias
1027 1367 1181 1459 conferre,
1204 1373 1237 1433 id
1263 1412 1265 1416 ν

110 1497 117 1507 .
148 1470 208 1531 est,
229 1453 380 1537 prodesse,
403 1454 537 1534 quodea
559 1454 650 1526 serat,
674 1454 783 1530 quibus
803 1457 950 1531 iuvamur.
974 1455 1116 1536 συμφορά
1132 1479 1239 1535 casura

71 1602 78 1613 ,
147 1543 306 1618 significat,
329 1539 446 1617 saepius
468 1536 639 1609 adversum,
665 1558 876 1616 nonnunquam
894 1552 992 1601 tamen
1007 1552 1146 1602 eventum
1164 1543 1237 1600 sirn-

147 1627 290 1709 pliciter,¹
304 1624 384 1700 sicut
406 1633 435 1681 et
455 1619 537 1700 τύχη.
566 1621 663 1679 Possis
686 1622 776 1697 igitur
797 1621 847 1681 hic
867 1620 908 1706 τά
924 1614 1145 1703 ’συνενηνοχότα
1171 1619 1238 1687 cieri

39 1755 42 1761 ‚
147 1717 207 1774 τῶν
224 1703 420 1788 συμβάντων,
442 1727 497 1784 pro
519 1703 582 1776 his,
606 1724 680 1782 quae
700 1718 875 1781 everterunt,
897 1710 1097 1788 interpretari.
1127 1706 1238 1768 Melius

147 1805 244 1854 tamen
261 1801 321 1863 est,
343 1799 377 1847 ut
392 1782 458 1850 dari
477 1793 536 1850 saio
556 1781 769 1872 ω’φεληκᾷτων,
793 1811 848 1868 pro
864 1790 927 1867 his,
953 1802 1026 1870 quae
1044 1793 1238 1873 profuerunt,

148 1878 286 1956 accipias.
300 1891 398 1932 woar.
431 1896 476 1951 γρ.
500 1866 739 1951 συνενεγκάντων
761 1874 852 1934 Paris.
872 1877 1027 1936 secundus.
1067 1879 1238 1954 Utrumque

148 1964 200 2023 dat
218 1960 394 2028 Bassaricas,
421 1956 501 2014 istud
523 1957 553 2014 in
576 1966 677 2029 texto,
698 1954 758 2014 hoc
779 1958 809 2015 irr
832 1961 962 2034 margine
987 1980 1054 2018 cum
1074 1986 1120 2040 γρ.
1138 1982 1237 2024 αιτιοι.

146 2045 296 2108 Posterior
306 2040 408 2099 'Wolfii
422 2041 627 2118 interpretatio
640 2060 700 2109 non
714 2041 819 2099 melior
835 2052 888 2118 est,
897 2043 950 2116 sed
964 2045 1050 2104 unice
1065 2045 1235 2126 probanda.

104 2198 107 2206 ,
147 2132 184 2193 V.
199 2151 229 2210 p.
249 2131 393 2202 194‚28·
412 2129 480 2193 197,
495 2130 544 2188 21·
563 2129 783 2187 remanseran.
861 2194 865 2203 Ι
1162 2207 1165 2211 .

121 2223 124 2227 ’
182 2297 184 2303 Α
211 2231 243 2290 Ρ.
267 2234 337 2293 193.
360 2247 390 2287 v.
414 2231 442 2290 1.
460 2218 701 2308 Ἀριοβαρζάνῃ]
720 2225 1067 2307 Citath.l.Harpocrat.
1085 2247 1115 2289 v.
1135 2223 1238 2314 Ἀρσο·

71 2335 73 2338 ’
146 2308 307 2400 βαρζάνης.
325 2329 419 2368 srrsr.

208 2407 240 2474 P.
265 2419 336 2478 193.
359 2431 389 2469 v.
413 2415 442 2475 1.
462 2401 725 2490 προσγράψαντες]
740 2405 969 2494 προγράψαντες
984 2410 1087 2474 Aldus.
1103 2435 1205 2476 aaran.

208 2515 241 2573 P.
266 2519 337 2577 193.
360 2534 390 2573 v.
414 2517 443 2575 1.
458 2505 692 2591 μὴ-βασιλέα]
708 2512 783 2570 Sunt
798 2515 887 2572 verba
901 2515 994 2592 ipsius
1008 2515 1238 2596 psephismatis:

143 2599 178 2659 id
194 2598 277 2677 quod
295 2599 443 2656 Bekkerus
457 2595 607 2654 uncinulis
622 2595 776 2653 indicavit.
791 2600 948 2657 renarras.

151 2723 152 2727 ¹
208 2702 240 2759 P.
266 2703 335 2762 193.
357 2719 388 2758 υ.
410 2703 440 2763 2.
478 2695 619 2778 βασιλέα]
649 2691 839 2779 τὸνβασιλέα
866 2698 939 2778 Aug.
959 2698 1094 2780 prima,
1125 2701 1238 2762 Aldina

144 2785 274 2863 Taylori.
294 2802 390 2845 narsis.

207 2889 239 2945 Ρ.
264 2891 333 2949 193.
354 2905 384 2942 v.
407 2890 437 2948 2.
460 2881 528 2962 μὲν]
546 2882 663 2941 Omittit
676 2881 747 2958 Aug.
762 2881 885 2962 primus.
901 2859 996 2943 aaran.

205 2986 238 3046 P.
264 2991 333 3050 193.
355 3002 385 3043 v.
408 2988 438 3048 3.
460 2983 532 3060 τοῦ]
550 2984 654 3042 Omisit
667 2984 792 3041 Bekker.
806 3005 964 3043 senseras.

206 3087 238 3146 Ρ.
263 3091 334 3151 193.
357 3106 388 3146 ν.
408 3087 438 3151 5.
462 3079 718 3165 Κυπροθέμιδος]
742 3083 821 3143 (litat
840 3084 869 3145 h.
886 3080 1095 3166 l.Harpocrat.
1119 3106 1152 3148 v.
1169 3090 1236 3150 Κυ-
1290 3139 1294 3165 ,

140 3167 302 3253 πρόθεμις.
317 3189 414 3230 uersa.

204 3273 236 3330 Ρ.
262 3277 332 3337 193.
356 3291 384 3330 v.
407 3277 438 3337 6.
461 3275 503 3355 τῷ
516 3267 584 3349 μὲν]
607 3265 799 3328 Ariobarzani
812 3283 893 3350 puta.
907 3284 1001 3332 arasa.
1067 3302 1068 3305 ¹

204 3373 236 3430 P.
261 3379 330 3436 193.
353 3393 381 3430 v.
405 3378 433 3435 6.
457 3376 499 3453 τῷ
522 3370 575 3448 μὲν
595 3362 713 3450 α’πὲγνω
735 3368 776 3448 μὴ
792 3372 933 3450 βοηθεῖν]
951 3375 1003 3432 Est
1020 3391 1235 3448 graeca-nega·

138 3457 229 3517 tionis
246 3456 401 3533 geuriuatio
418 3449 619 3513 vehementius
637 3472 753 3531 negans.
776 3458 893 3514 minime
911 3455 1149 3516 committendum
1167 3480 1235 3516 ccre-

139 3545 212 3614 suie,
232 3551 265 3598 ut
284 3537 519 3599 Ariobarzanem
543 3535 704 3598 adiuuaret.
746 3539 840 3607 Huius
864 3550 892 3598 et
914 3541 946 3598 in
970 3541 1173 3599 Aristocraten
1199 3540 1235 3598 fit

122 3625 265 3697 montio,
287 3644 375 3700 quem
397 3625 536 3701 Ulpianus
552 3622 700 3681 Persicum
722 3633 871 3702 satrapam
889 3626 979 3683 fuisse
1000 3624 1113 3682 scribit.
1145 3600 1234 3682 Alius

139 3720 183 3768 est
206 3709 254 3767 ille
276 3701 505 3787 Ἀριοβαρζάνης
531 3701 689 3782 ἆεῦσεβης
709 3709 758 3769 καὶ
780 3706 994 3789 φιλορώμαεος,
1009 3703 1151 3790 βασιλευς
1170 3715 1233 3770 τῶν

139 3796 352 3856 Καππαδοκῶν
360 3831 370 3867 ,
394 3814 409 3850 a
425 3793 567 3850 Cicerone
583 3787 730 3851 defensus.
746 3812 843 3854 ivone.

197 3914 240 3982 ,Ρ.
269 3917 335 3975 193.
357 3931 386 3969 v.
410 3915 440 3975 6.
469 3906 532 3988 μὴ]
557 3913 704 3972 Ominum
730 3915 820 3973 Paria.
844 3912 975 3991 primus,
1006 3910 1080 3987 Aug.
1102 3911 1233 3988 primus,

137 3995 250 4069 Aldus,
274 3997 304 4052 P.
327 3996 492 4067 Manutius,
516 3998 665 4074 appendix
685 4000 1039 4057 Francofurtana.nars1r.
1076 3996 1233 4053 Particula

136 4091 217 4140 recto
238 4079 373 4152 additur,
396 4101 450 4138 nec
477 4078 508 4136 vi
530 4097 582 4137 sua
605 4084 694 4139 caret.
725 4083 831 4142 Verte:
853 4078 976 4141 coasilio
993 4081 1091 4159 priore
1111 4078 1231 4137 abiecto

138 4160 246 4223 censuit
266 4185 324 4235 aon
347 4161 558 4244 opitulandum.
589 4164 638 4224 sic
659 4165 828 4225 Herodotus
846 4163 907 4222 VH.
928 4162 1066 4241 19.’μετά
1089 4157 1127 4237 δι]
1156 4167 1233 4235 βου·

135 4243 277 4311 λεάεαι-
289 4247 454 4332 στράτευμα
473 4243 514 4329 μὴ
532 4245 616 4332 άγειν
632 4247 681 4313 tat
698 4243 753 4332 την
770 4242 902 4316 ‘attrita
924 4248 1089 4326 Interprea:
1116 4245 1232 4307 Maras
