2768 4724
447 231 966 335 an,·neuosrnnnum
1200 245 1242 341 aa
1287 250 1290 259 ·

136 412 344 484 delectantur,
366 406 595 467 Demosthenem
615 429 634 465 a
646 409 801 465 vta'nlielmo
816 408 962 485 blendia,
978 407 1174 489 typographo
1188 426 1250 473 re.¹
1354 429 1357 433 ·

139 513 199 592 gio,
214 512 281 571 viro
297 508 514 591 experientem
524 518 657 584 strenuo,
671 517 710 583 et,
726 527 904 587 qumuquam
911 530 972 602 nou
985 510 1146 571 admodum
1153 511 1241 571 loon-

137 612 359 694 plete,1uagnis
373 621 475 671 tamen
491 619 522 671 et
534 610 636 671 multis
646 610 718 669 ortis
735 608 970 690 typographicae
990 612 1182 674 facultatibus
1194 625 1242 675 at-

138 735 199 795 que
209 714 387 774 adiumeutis
397 723 512 789 ornato,
527 731 621 771 annos
627 709 737 771 abhinc
745 711 1041 789 circitsrduodeeim,
1055 706 1242 795 temporibus

136 816 326 895 reipublicae
342 815 431 877 etiam
445 812 692 891 tumtranquillis
703 822 738 894 pt
751 814 876 892 penatis,
891 824 1033 893 coeptum
1041 834 1101 875 esse
1116 819 1242 880 excudi:
1289 802 1292 809 ²
1363 811 1368 821 ¹

138 916 199 976 sed
203 927 330 996 propter
339 927 439 977 motus
448 917 622 976 eivilestum
628 915 759 994 primum
765 915 796 973 in
803 915 898 975 Gallia
906 915 1078 993 ingruentes
1086 927 1173 997 atque
1183 923 1243 980 ori.

137 1002 1242 1100 entes,ettemporaturbulentaaolormidolosa,esseiute1·missum:quid
1300 1023 1303 1028 ’

138 1130 208 1180 erat
216 1120 314 1180 minus
322 1121 474 1195 credibile,
488 1138 578 1200 quam
592 1104 718 1197 propter
726 1136 799 1195 quas
809 1136 913 1177 causas
935 1137 1011 1196 opus
1032 1127 1092 1178 tarn
1106 1123 1243 1200 praeola.

136 1241 220 1294 rum,
228 1229 287 1279 tam
301 1221 469 1303 plausibile,
478 1219 695 1280 tuurvendibile
708 1218 845 1297 denique,
853 1218 1004 1279 suissetde
1013 1221 1151 1281 manibus
1157 1225 1244 1302 posi·

137 1333 217 1398 tum,
235 1343 390 1403 annosque
404 1324 526 1382 circiter
545 1321 648 1380 docem
660 1320 799 1387 inussisset
815 1319 998 1396 inchoatum,
1019 1322 1134 1384 iisdem·
1144 1327 1243 1387 causis

137 1425 341 1500 manentibus,
359 1433 449 1504 atque
459 1425 533 1486 adeo
550 1422 648 1483 auctis
657 1441 692 1481 ao
707 1422 923 1501 multiplicatio,
946 1425 982 1483 ab
997 1421 1132 1501 homine,
1141 1427 1166 1485 si
1180 1449 1243 1489 nou

138 1525 241 1585 miuus
257 1527 417 1587 adtentum
430 1525 663 1589 rernsaciendum
677 1525 799 1600 idoneo,
812 1533 842 1582 at
855 1527 1142 1604 eertepsucioribua
1151 1529 1242 1589 adiu-
1343 1570 1346 1576 ι
1365 1551 1368 1559 ’

138 1626 247 1685 mentis
256 1628 550 1689 adeamneoesssriis
557 1627 715 1701 instructo,
729 1626 888 1706 minusque
897 1628 1072 1702 exercitato,
1079 1628 1118 1687 de
1124 1629 1241 1708 integro

139 1730 174 1787 in
195 1749 299 1789 maniis
318 1729 412 1803 sumi,
434 1748 470 1789 ao
489 1727 647 1789 retractari
662 1737 693 1787 et
703 1736 900 1788 retractatum
922 1727 1069 1789 adfinem
1090 1727 1260 1808 perducit

138 1830 364 1891 Verumtamen
377 1829 595 1890 nicitomnium
609 1830 781 1908 opinionem
801 1830 844 1889 lo.
861 1831 1003 1892 benenati
1023 1840 1148 1891 conatus
1168 1833 1244 1893 lau-
1315 1846 1317 1855 ’

138 1930 345 1990 debilissimus
377 1941 469 2011 atque
487 1930 728 2006 honestissimus,
757 1931 966 2010 industriaque
989 1932 1158 2009 singularis,
1179 1935 1244 2014 qui,

140 2032 281 2091 omnibus
293 2032 354 2091 iam
367 2031 515 2112 sperando
533 2041 562 2093 et
578 2031 780 2112 exspectando
795 2032 934 2109 defessis,
957 2032 1163 2123 Demosthenis
1178 2036 1244 2097 edi-

137 2133 253 2192 tionem
264 2143 312 2192 tot
325 2152 420 2195 annos
433 2132 631 2195 intennissam
639 2143 669 2193 et
682 2135 813 2213 repetiit,
835 2143 864 2193 et
876 2133 1046 2214 repetitam,
1067 2136 1125 2199 diis
1144 2134 1245 2199 homi·-

136 2235 290 2313 nisusque
299 2234 546 2314 approbantibus,
562 2236 729 2297 absolutam
743 2245 774 2295 et
782 2235 949 2295 consectam
960 2235 1100 2295 reddidit
1122 2214 1244 2316 verum,

139 2347 177 2397 ut
192 2337 357 2414 intelligas,
379 2336 494 2410 lector,
515 2338 591 2414 quid
603 2339 682 2399 inter
693 2336 773 2397 bano
789 2337 951 2397 editionem
962 2348 993 2397 et
1008 2348 1141 2399 caeteras
1153 2358 1246 2419 supe·-

137 2439 237 2498 riores
250 2439 387 2513 intersit,
411 2449 463 2498 aut
474 2439 549 2516 quid
562 2440 601 2499 ad
617 2440 694 2500 bauo
710 2438 886 2514 accesserit,
916 2440 1000 2519 quod
1013 2442 1051 2501 ab
1067 2443 1134 2502 aliis
1150 2444 1243 2515 absita
1343 2452 1349 2471 '

137 2539 203 2600 hoc
229 2549 326 2599 totum
353 2540 410 2600 tibi
438 2541 571 2605 breviter
594 2558 753 2622 exponam.
805 2540 969 2601 Gulielmus
995 2542 1139 2604 Morehus
1158 2548 1244 2609 aunis

139 2643 258 2720 aliquot
271 2652 355 2715 ante,
379 2662 470 2720 qnam
492 2643 701 2703 Demosthenis
712 2644 871 2704 editionem
891 2644 1079 2724 susciperet,
1108 2647 1169 2709 duo
1190 2670 1244 2709 ex-

140 2744 258 2823 empla,
279 2763 374 2802 unum
395 2743 552 2818 Aldinmn,
579 2745 720 2822 Venitiia,
752 2746 878 2805 alterum
903 2748 1131 2822 Germaniciana,
1152 2750 1245 2809 Basi-

141 2846 210 2904 leae
222 2845 415 2921 impressum,
438 2863 507 2903 cum
531 2854 598 2903 octo
613 2846 911 2905 vetustiscodicibus
933 2867 1024 2905 manu
1046 2850 1184 2925 scriptis,
1207 2872 1258 2911 ex.

123 2944 327 3026 ¹bibliotheca
345 2946 427 3021 regia
448 2944 633 3022 depromtis,
665 2943 888 3021 diligentissime
910 2945 1095 3021 contulerat,
1112 2967 1246 3023 ¹onmes-

145 3069 205 3128 que
221 3047 389 3126 scripturam
421 3047 582 3105 varietates
604 3066 639 3105 ao
666 3045 937 3121 dissimilitudines,
965 3046 1053 3106 etiam
1075 3067 1125 3107 ess
1147 3022 1246 3109 inter-⁶

144 3151 236 3224 dum,
268 3168 346 3229 quse
370 3145 469 3206 videri
485 3147 601 3225 possint
621 3149 721 3208 mium
737 3148 908 3228 probabiles
930 3157 961 3209 et
980 3149 1034 3210 via
1058 3149 1244 3229 tolerabiles,
1349 3202 1355 3211 ‚

144 3252 185 3312 ud
199 3273 282 3311 oram
303 3248 434 3328 exempli
459 3249 638 3329 Germanici·
651 3250 865 3330 adscripserat-
903 3249 1058 3311 Praeterea
1079 3248 1195 3311 scholia
1213 3253 1246 3315 in

144 3352 331 3431 marginibus
345 3351 493 3411 librorum
514 3349 637 3413 illorum
650 3353 801 3431 regiorum
823 3346 951 3433 scripta,
972 3370 1051 3431 quae
1073 3352 1106 3413 iu
1125 3354 1246 3434 Ulpiani

146 3453 365 3516 commentariis
382 3471 479 3531 usqne
493 3451 595 3514 adhuc
607 3453 760 3535 impressis
772 3472 833 3514 nou
849 3453 1057 3533 reperiuntur,
1079 3462 1110 3514 et
1122 3455 1247 3515 utilissi-

148 3578 214 3631 ma,
236 3566 266 3617 et
280 3553 424 3637 plurima,
444 3555 488 3613 ita
504 3562 540 3614 ut
552 3565 689 3634 quartam
701 3565 817 3638 partem
830 3554 951 3634 Ulpiani
965 3557 1246 3617 commentariorum

143 3658 235 3719 hodie
253 3656 435 3718 exstantium
456 3657 661 3735 magnitudine
681 3668 711 3718 et
731 3656 928 3738 amplitudine
950 3666 1130 3734 exaequent:
1159 3654 1244 3730 haec,
1358 3737 1360 3742 ,

146 3782 223 3841 quae
241 3761 325 3835 diem
349 3759 464 3822 scholia
483 3761 516 3823 iu
537 3782 619 3821 oram
640 3761 725 3839 illius
742 3756 871 3839 exempli
890 3759 1141 3838 transscripserat.
1191 3754 1246 3816 His

147 3872 176 3923 et
196 3862 262 3923 aliis
284 3862 480 3922 facultatibus
504 3863 679 3941 necessariis
699 3862 866 3923 instructus
897 3861 1040 3920 Moralius
1072 3857 1156 3934 operi
1185 3867 1246 3918 tun

147 3964 303 4042 praeclaro
322 3984 428 4023 manus
451 3963 604 4025 admovit·
647 3964 680 4023 si
696 3962 771 4023 nihil
794 3961 892 4037 aliud,
927 3983 1016 4041 quum
1038 3978 1102 4017 rem
1120 3969 1244 4037 tautam,

147 4065 321 4142 auspicatus
337 4072 428 4142 atque
448 4084 573 4125 exorem
589 4073 685 4140 esset,
711 4074 802 4143 atque
821 4062 940 4143 inipso
967 4061 1066 4139 operis
1086 4061 1188 4123 limine
1210 4084 1246 4123 ao

145 4163 298 4224 vestibulo
312 4164 366 4225 'uel
384 4166 429 4227 rei
451 4165 612 4226 difficultas
624 4186 686 4226 non
699 4167 771 4226 satis
784 4175 869 4227 antas
890 4163 1066 4242 explorata,
1085 4165 1136 4224 vel
1158 4184 1247 4232 osam
1354 4242 1357 4246 Ι

121 4266 258 4346 ‚aliquis
270 4268 455 4345 improvisus
466 4277 558 4348 atquo
574 4267 747 4349 inopinatus
759 4264 816 4348 (ut
833 4275 908 4333 suut
926 4261 1074 4347 hamum)
1098 4285 1167 4335 sum
1181 4285 1245 4328 tem
