2768 4724
275 210 315 337 ᾖ
420 222 940 313 nonenosrurneu.
1018 213 1020 217 ‘
1184 234 1240 300 sn
1338 176 1342 183 ¹

73 436 76 441 ·
114 392 289 467 ‘meeum
306 403 404 482 sensi,
426 413 456 464 et
473 412 626 487 praetereo
647 422 685 464 eo
703 402 832 497 oonsilio
854 358 1100 487 qnmdam'quasi
1119 404 1240 467 thesau-
1308 472 1313 480 ,

135 525 209 568 rum
230 507 296 566 aive
319 506 521 587 repertorium
541 506 617 566 iuris
632 501 725 567 Attici
741 503 850 568 lectori
860 524 927 565 meo
944 507 983 567 ob
1000 493 1241 588 oculosreprtess
1343 559 1346 563 .

136 619 290 670 umatum
311 608 352 669 iri
373 607 498 669 credidi.
540 608 695 669 Postremo
716 618 817 669 autem
838 605 970 669 omnium
989 606 1085 667 flexus
1109 610 1185 671 istos
1208 618 1240 670 et

138 710 321 773 ‹liverficula
348 708 492 770 orationis
516 703 628 789 (incisa
651 710 763 770 maiora
792 709 856 768 sive
870 704 1087 788 ‘paragraphos
1108 709 1239 789 vocent)

137 832 221 872 nora
236 811 366 892 quadam
384 810 500 870 ratione
516 809 655 887 distinxi,
679 833 741 872 non
757 810 825 892 pari
838 810 1003 871 verborum
1016 808 1166 886 clausule,
1187 822 1240 873 aut

138 915 259 994 aequali
276 911 420 974 orationis
440 912 647 991 portiuncula,
665 923 701 973 ut
711 913 755 973 illi
766 913 879 987 solent,
898 910 1067 984 diuersus,
1087 911 1140 970 sed
1152 932 1241 991 ergo-

137 1016 237 1077 menti
259 1015 361 1103 potius
378 1012 529 1093 pondere,
552 1023 582 1076 et
600 1015 753 1090 locorum,
776 1033 852 1094 quos
874 1020 1002 1084 vocant,
1023 1011 1182 1089 varietate,
1204 1013 1242 1074 'do

139 1137 248 1178 eorum
270 1115 444 1196 prolixitate
460 1124 513 1174 aut
525 1115 677 1177 brevitate
696 1125 800 1176 contra
815 1111 1093 1194 parumsollicitus.
1125 1114 1243 1175 letina·
1350 1128 1352 1132 ’

138 1219 227 1282 modi
239 1238 311 1297 ergo
326 1215 445 1298 periodi
461 1216 574 1296 ubique
587 1239 604 1276 a
619 1218 707 1278 litera
721 1217 886 1278 maiuscula
900 1215 1069 1276 ordiuntur.
1113 1215 1160 1275 lta
1172 1237 1243 1277 sane

138 1321 300 1403 provisum
313 1328 374 1394 est,
395 1328 432 1379 ut
452 1339 510 1383 nec
531 1339 566 1381 ea
586 1320 701 1380 obesset
721 1318 851 1395 utilitas,
873 1338 962 1397 quom
979 1315 1116 1377 nonnulli
1135 1338 1173 1378 cx
1189 1319 1243 1379 tali
1349 1343 1361 1360 ·

139 1423 336 1484 andoenum
349 1406 577 1500 expetivenmt,
598 1441 697 1500 nequa
708 1430 826 1482 textum
839 1419 1002 1480 identidem
1020 1420 1242 1501 interpellando

138 1541 218 1584 auus
232 1543 249 1582 a
261 1521 370 1601 pagina
384 1522 542 1582 decederet
556 1522 647 1582 nitor.

176 1669 182 1679 .
205 1623 276 1684 Non
290 1633 392 1684 autern
403 1624 574 1684 inconsulto
588 1626 686 1704 prima
701 1624 852 1704 egreditur
861 1624 938 1685 haec
953 1626 1118 1687 orationum
1133 1625 1243 1688 liemo-

132 1725 346 1788 ‚amnicarum
373 1725 502 1800 divisio,
529 1746 618 1804 quem
637 1713 761 1804 Wolfiua
789 1729 908 1787 tertiam
928 1729 1099 1807 constituit3
1133 1727 1167 1788 iu
1185 1749 1244 1807 qua

141 1830 234 1890 etiam
247 1837 334 1910 perte
348 1836 466 1887 nostrae
483 1827 596 1907 pariter
613 1827 752 1889 editionis
768 1830 888 1889 demum
899 1828 957 1887 erit
968 1831 1149 1908 reponenda.
1178 1831 1246 1890 Sci·-

140 1931 217 1992 licet
231 1931 265 1992 id
279 1931 393 1989 factum
408 1939 455 1989 est
467 1930 647 1990 auctoritate
658 1931 931 2009 praecellentissimi
950 1931 1245 2011 atquchonoratissi-
1342 2001 1347 2017 ι

141 2034 187 2093 mi
206 2031 289 2106 viri,
314 2031 364 2090 cui
386 2052 445 2091 non
468 2032 566 2091 solnm
590 2042 713 2092 curretas
733 2031 998 2108 huiuseditionis,
1028 2035 1245 2094 verumetiam

141 2135 227 2194 vina
238 2153 322 2194 meae
337 2142 427 2212 atque
439 2133 531 2193 officii
545 2133 679 2194 rationes
695 2133 801 2194 merito
823 2155 878 2194 auo
901 2135 1030 2194 maximo
1045 2136 1151 2196 lubens
1167 2135 1248 2195 sub—

143 2237 241 2296 mitto.
290 2237 366 2294 Cum
387 2233 465 2293 enirn
490 2236 695 2319 unusquisque
717 2245 815 2296 temne
838 2236 943 2296 seriem
964 2240 1131 2296 orationum
1157 2257 1248 2295 com·-
1285 2298 1290 2307 1

143 2339 311 2418 plectatm,
335 2355 414 2416 quae
427 2345 457 2395 et
470 2337 634 2413 argumenti
648 2347 771 2414 nemra,
790 2357 947 2397 causarum
968 2338 1085 2397 ratione
1101 2348 1130 2398 et
1140 2358 1247 2417 genere

146 2438 252 2498 orandi
266 2460 285 2498 a
300 2437 426 2499 caeteris
450 2446 521 2497 aunt
534 2437 705 2514 distinctae,
725 2449 756 2499 et
778 2441 838 2500 suis
855 2439 940 2518 quasi
959 2435 1101 2500 limitibus
1117 2441 1248 2512 circum-

144 2542 293 2622 scriptae;
318 2548 349 2598 et
367 2558 478 2623 parurn
498 2539 611 2598 idcirco
633 2541 775 2616 referret,
800 2562 860 2621 quo
885 2541 989 2600 ordine
1003 2528 1247 2623 unumquemque

146 2652 200 2720 aut
214 2641 294 2721 typis
308 2641 478 2700 mandarem
488 2650 507 2715 ,¹
516 2651 567 2707 aut
580 2641 708 2720 denique
724 2644 909 2720 evulgarcrn:
934 2646 1000 2702 cum
1013 2643 1091 2720 hoc,
1114 2645 1247 2722 inquam,

146 2753 226 2804 esset
244 2744 413 2819 integrum,
436 2744 504 2803 ideo
526 2743 630 2802 maluit
646 2743 701 2803 Vir
724 2745 942 2816 nobilissimus,
970 2752 1004 2801 ut
1022 2741 1078 2800 has
1100 2745 1248 2802 orationes

148 2846 315 2904 emitterem
339 2844 461 2923 primas,
482 2864 557 2922 quae
575 2864 645 2903 cunr
660 2847 784 2902 caeteris
799 2845 883 2902 nullo
901 2824 1010 2919 genere
1021 2843 1118 2898 laudis
1133 2843 1249 2917 cedant,

143 2957 216 3006 tum
239 2945 324 3004 etiam
338 2945 484 3019 eiusmodi
499 2944 574 3019 sint,
599 2954 634 3003 ut
644 2945 777 3003 novitate
794 2944 922 3022 quadani
942 2943 1086 3000 lectorem
1101 2941 1250 3000 eruditum

146 3049 298 3110 delectere
312 3046 435 3126 possint.
479 3045 600 3107 Accidit
615 3050 703 3120 enim,
719 3047 752 3105 id
769 3045 851 3126 quod
863 3044 979 3105 infinita
993 3044 1055 3102 fere
1069 3042 1250 3122 experientia
1297 3128 1298 3133 ἵ

145 3148 357 3229 cognovimus,
378 3159 414 3208 ut
430 3151 636 3229 unusquisqne
656 3169 733 3228 pone
744 3147 776 3207 in
787 3148 825 3208 iis
842 3147 1042 3222 orationibus,
1066 3164 1143 3223 quas
1155 3163 1249 3223 remp.

146 3260 177 3312 et
191 3251 321 3311 civitatis
331 3251 464 3311 rationes
476 3261 632 3330 spectant,
654 3260 818 3330 occupatus
840 3260 870 3309 et
889 3248 977 3329 quasi
995 3248 1157 3307 conclusus
1173 3247 1251 3337 deti·
1284 3254 1287 3261 '

145 3363 284 3431 neretur5
305 3352 478 3433 paucissimi
501 3363 600 3412 autem
621 3353 795 3431 nescioquo
812 3351 918 3411 mertia
934 3370 966 3410 se
977 3348 1106 3429 produci
1120 3346 1251 3423 sinerent

146 3454 199 3516 vel
220 3454 258 3514 ad
279 3454 538 3533 contemplandam
560 3476 624 3515 omn
644 3453 857 3530 subtilitatem,
880 3471 957 3533 quae
976 3451 1008 3510 in
1023 3451 1166 3531 Leptines
1188 3450 1251 3510 eni-

145 3556 251 3632 tescit,
271 3555 322 3617 vel
341 3557 488 3636 impetum
505 3556 591 3617 illum
613 3567 641 3618 et
655 3557 945 3641 violentiam,⁴quae
960 3555 993 3614 in
1006 3552 1136 3613 lllidiana
1152 3551 1265 3613 dorni,
1350 3570 1357 3577 ”

146 3666 255 3736 natum
280 3678 379 3738 neque
400 3678 494 3738 porro
514 3660 732 3737 intelligerent,
755 3658 864 3739 quibus
888 3657 1013 3730 aculeis,
1039 3673 1128 3734 quam
1147 3660 1252 3731 arguta

147 3760 286 3820 oratione
308 3768 339 3819 ct
352 3769 465 3840 quanto
489 3760 676 3839 eloquentiae
689 3760 811 3820 flumine
836 3757 1012 3840 perniciosis
1030 3756 1146 3834 legibus
1157 3796 1166 3827 ,
1197 3771 1252 3809 cu-

131 3840 280 3922 ’immoni
301 3870 387 3920 erant
404 3862 475 3920 illae
503 3861 539 3919 ab
558 3860 741 3921 Aristocrate
768 3871 798 3922 ct
812 3883 829 3919 a
843 3862 1009 3922 Timocrate
1024 3866 1165 3936 rogatae,
1188 3855 1252 3913 elo-

145 3963 363 4045 qnestisaimm
380 3964 431 4023 ille
443 3961 521 4031 „civis
534 3965 715 4043 reipscanse
733 3963 899 4024 restitisset.
1293 3949 1301 3959 ⁸

214 4066 364 4126 Volumen
385 4066 499 4125 interea
518 4064 557 4126 11.
580 4067 643 4126 sire
656 4077 756 4125 tomus
771 4066 841 4141 ille,
865 4064 918 4145 qui
935 4059 1089 4125 Aeschinis
1102 4060 1252 4118 orationes
1298 4108 1301 4121 .
1324 4058 1328 4073 '

144 4181 227 4242 tres,
256 4178 288 4227 et
311 4167 387 4228 duas
412 4165 619 4253 Demosthenis
643 4159 844 4242 ἀντιπάλους,
872 4189 914 4226 sc.
933 4166 971 4224 de
992 4182 1148 4244 perperam
1172 4162 1253 4219 obita

144 4269 298 4350 legatione
312 4288 413 4344 mam,
435 4270 559 4329 ultorum
574 4269 739 4330 decorose
755 4268 972 4350 complectimur,
994 4284 1099 4344 magna
1118 4284 1157 4326 ex
1170 4273 1255 4343 parta

182 4370 287 4425 Auos.
305 4370 343 4433 ecl
359 4368 495 4424 Danant.
514 4368 545 4419 Τ.
563 4370 589 4424 1.
1017 4352 1046 4411 G
1062 4422 1065 4429 .
1171 4357 1178 4370 '
