2768 4724
385 244 457 337 an
483 244 918 315 zunuosrunnnn.
1150 251 1191 316 n

91 409 215 498 ingenis
231 417 450 493 iubebantur,
472 426 517 477 vot
539 417 730 477 bibliothecis
748 420 784 478 in
802 421 977 484 immensum
996 421 1195 500 exaggeratis,-

92 517 240 598 uegleotis
265 517 351 579 libris
378 518 566 596 melioribus,
603 519 778 581 veleteriorea
803 542 864 582 nen
886 544 957 584 raro
979 524 1194 585 edessenunt

94 621 203 680 Plures
221 618 286 679 iere
306 640 388 680 mmo
409 630 481 680 sunt
501 620 552 695 (nt
576 618 614 681 dc
637 621 702 680 eliis
723 621 851 704 mosam)
872 625 979 686 artium
993 627 1117 687 iicurdi
1130 640 1197 686 mei

95 721 201 796 thodi,
238 741 329 801 quem
351 723 486 802 ipsarum
514 721 623 781 artium
652 721 790 785 studiosi.
850 724 972 799 Quanto
997 740 1095 789 antem
1117 738 1197 789 esset

92 823 317 905 praestabilius,
336 824 529 885 Aristotelem
552 832 583 883 et
600 822 772 885 Ciceronem
792 827 919 886 eruditis
932 829 1097 889 illustratos
1111 849 1198 889 cons-
1300 848 1303 852 ·

92 924 250 986 ωεηωτὶίε
272 923 404 984 studiose
427 926 486 1003 legi
507 934 598 1003 atque
611 924 730 985 ediscit
753 927 942 1008 Quanquam,
962 929 1018 1009 qui
1036 949 1091 989 sua
1112 951 1196 991 com·
1227 953 1235 975 ι

93 1026 210 1108 pendia
232 1046 268 1084 aa
286 1026 471 1103 retulerunt,
492 1036 528 1086 ut
547 1026 608 1086 iliis
629 1027 742 1086 rectius
761 1028 963 1107 intelligendis
983 1033 1129 1105 serviant,
1147 1051 1198 1091 eos
1300 1032 1302 1036 ’

92 1129 264 1208 plurimum
281 1127 431 1205 profuisse
452 1148 540 1188 nomo
559 1147 622 1186 nou
643 1127 782 1207 intelligit
803 1141 833 1191 et
853 1132 977 1193 fatetur,
1016 1130 1063 1192 Ac
1075 1132 1203 1201 eandem

66 1306 70 1311 ι
94 1230 190 1290 eb'am
204 1229 501 1305 interpretationum
533 1228 718 1290 eruditarum
746 1232 894 1292 rationem
925 1252 989 1293 esse
1013 1253 1137 1294 censeo:
1167 1241 1200 1294 et

94 1330 209 1408 egoin
232 1329 430 1391 Demosthene
457 1330 660 1391 convertendo
684 1352 719 1390 eo
731 1334 873 1412 respexi,
901 1354 963 1394 aon
989 1335 1078 1396 modo
1101 1344 1148 1395 nt
1166 1354 1199 1394 ·a

93 1430 225 1495 nudibus
240 1449 414 1507 graecarum
432 1432 587 1492 literarum
599 1433 758 1522 legeretur,
781 1432 834 1492 sed
843 1443 880 1493 ut
890 1454 958 1494 cum
974 1456 1080 1515 graeco
1093 1447 1201 1498 autore
1313 1443 1324 1459 “

96 1537 231 1597 conferri
246 1535 343 1616 possit
352 1554 418 1594 mes
431 1533 641 1611 interpretatio
658 1543 688 1594 et
708 1535 736 1593 ei
748 1555 804 1614 per
822 1536 919 1595 omnia
939 1536 1098 1617 (quantum
1122 1539 1199 1614 lice-

93 1643 159 1712 ret)
184 1633 568 1719 exquisitareeponderet,
591 1656 626 1696 ao
646 1633 721 1694 nihil
742 1637 860 1711 malim,
880 1657 972 1717 quam
992 1651 1028 1700 ut
1049 1639 1146 1724 (qnod
1164 1640 1198 1700 in

97 1740 201 1799 multis
228 1740 385 1799 autoribus
413 1739 526 1798 iactum
548 1756 614 1796 esse
639 1734 743 1818 video)
773 1758 843 1798 casm
869 1739 970 1799 latinis
1001 1761 1039 1800 ex
1070 1729 1200 1799 aduerso

97 1863 207 1921 graeca
234 1841 498 1916 conungeresaa:
539 1858 600 1897 non
628 1837 710 1916 quod
734 1839 796 1898 vim
824 1839 910 1899 illam
944 1849 975 1900 et
1011 1840 1061 1920 (ut
1089 1841 1201 1901 Graeci

96 1940 222 2022 vocant)
249 1936 405 2019 δεινότητα
423 1938 669 1999 Demosthenicas
697 1940 841 2000 orationis
866 1949 896 2001 et
913 1943 1036 2002 atticam
1056 1962 1199 2005 venerem

100 2055 136 2107 et
159 2064 301 2103 numeros
331 2040 479 2101 oratorios
505 2041 569 2101 ulls
601 2060 640 2101 er
667 2049 755 2120 parte
775 2061 823 2102 me
844 2051 1041 2103 consecutum
1064 2064 1200 2124 speremr

101 2146 186 2224 quod
215 2146 282 2224 quis
310 2144 368 2203 sibi
396 2153 516 2222 arroget
536 2140 596 2222 (his
619 2141 742 2220 quidem
760 2144 971 2222 temporibus),
990 2145 1051 2205 nisi
1071 2146 1201 2224 prorsus

102 2268 206 2307 amore
224 2247 272 2305 sui
292 2247 384 2307 nimio
399 2255 430 2306 et
448 2245 644 2308 admiratione
665 2244 835 2332 caecutiat?
864 2244 919 2305 sed
940 2246 1023 2324 qnod
1041 2246 1074 2304 in
1088 2247 1202 2325 optima

103 2348 286 2408 conscientia
299 2349 398 2408 lucem
411 2366 473 2408 non
488 2349 663 2425 referundo,
685 2359 716 2410 et
731 2348 891 2408 sententias
912 2347 1064 2408 sententiis
1079 2366 1203 2426 appeu-

101 2450 174 2510 ‹lere
188 2470 303 2511 summe
317 2449 377 2509 fide
394 2469 461 2508 sum
474 2461 608 2528 conatus,
624 2452 663 2511 ad
678 2430 803 2530 eamque
815 2470 880 2510 rem
896 2459 927 2510 et
940 2459 1058 2529 tempus
1070 2448 1202 2526 (quam-⁴

100 2551 152 2612 vis
176 2553 211 2614 id
244 2572 315 2611 sane
340 2552 421 2625 iusto
442 2549 584 2631 brevius)
614 2562 644 2611 et
666 2552 848 2629 diligentiam
870 2551 995 2611 adhibui
1015 2552 1104 2630 quam
1134 2549 1201 2611 fieri

102 2655 206 2735 potuit
230 2656 473 2715 attentissimamr
535 2652 626 2726 Quod
657 2653 756 2732 ipsum
779 2652 811 2711 iu
839 2651 900 2710 hoc
927 2661 1031 2712 sutore
1059 2654 1203 2729 consequi

103 2775 197 2836 qum
214 2756 254 2816 sit
270 2757 405 2832 arduum,
429 2777 466 2818 ex
479 2775 515 2815 eo
537 2762 672 2835 apparet,
694 2752 777 2831 quod
790 2753 821 2812 in
835 2764 918 2813 tanto
939 2773 1061 2830 graecae
1082 2755 1202 2830 linguae

102 2859 304 2935 interpretum
321 2879 447 2923 numero
458 2879 545 2918 nemo
559 2854 707 2915 hactenus
719 2862 817 2911 totum
832 2854 1060 2911 Demosthenem
1073 2851 1203 2911 conver·-

22 3034 25 3038 .
104 2959 234 3020 tendum
246 2963 387 3041 suscepit:
411 2961 462 3019 alii
472 2956 601 3039 professi
622 2954 724 3013 nescio
737 2952 811 3031 quid
826 2950 1026 3043 (nequeenim
1037 2961 1100 3012 tam
1115 2950 1206 3010 facile

107 3073 156 3122 eat
173 3072 325 3142 praestare
344 3068 461 3140 magns,
483 3081 572 3139 quam
584 3040 740 3139 polliceri)
761 3054 956 3113 distulerunt:
978 3055 1030 3115 alii
1047 3074 1083 3114 ea
1099 3052 1207 3113 edide-

104 3170 197 3239 ruat,
233 3185 309 3243 quae
332 3165 433 3243 qualia
452 3163 525 3237 sint,
561 3161 689 3218 aliorum
712 3165 776 3217 esto
796 3154 953 3215 iudicium.
1001 3157 1105 3236 Neque
1127 3154 1207 3216 enim

104 3265 181 3328 mibi
199 3267 388 3347 propositum
411 3276 456 3325 est
481 3282 649 3343 quenquam
668 3260 720 3320 vel
746 3260 837 3320 tacita
858 3258 1036 3337 cogitatione
1057 3258 1208 3339 perstrin-
1259 3264 1261 3271 ’

107 3390 193 3449 gere:
215 3368 338 3429 laudare
352 3367 473 3455 quidem
485 3386 546 3440 eos,
568 3364 621 3442 qui
635 3363 668 3422 in
681 3361 797 3439 aliquot
812 3357 997 3422 orationibus
1021 3360 1207 3441 explicandis

109 3472 258 3549 egregiam
286 3490 409 3552 operam
434 3477 599 3541 naverunt,
630 3484 787 3544 cuperem,
819 3473 849 3522 et
875 3462 996 3542 qtridem
1025 3482 1083 3543 pro
1105 3461 1206 3541 officio

109 3575 259 3650 deberem,
283 3573 336 3653 qui
352 3572 385 3632 id
401 3571 510 3651 ipsum,
530 3570 612 3649 quod
626 3586 681 3645 ego
696 3586 762 3626 snm
777 3575 912 3640 conatus,
932 3564 1098 3638 sivellent,
1118 3564 1209 3638 longe

107 3678 293 3739 luculentius
308 3682 512 3755 praestarent,
536 3673 595 3730 nisi
618 3667 827 3729 assentationis
838 3667 1046 3744 ·ruspicionem
1063 3664 1209 3745 pertime-

84 3800 87 3809 ·
109 3799 234 3844 seerem.
256 3778 354 3850 Nunc,
372 3776 445 3835 dum
461 3776 511 3833 alii
521 3774 573 3832 vel
585 3781 713 3846 cessant,
726 3770 863 3848 vslqune
879 3772 1075 3847 scripserunt,
1089 3760 1209 3823 Horatii
1330 3818 1337 3833 ,

110 3881 207 3939 secuti
224 3879 392 3955 consilium,
401 3882 434 3937 in
446 3896 559 3936 uenum
569 3893 679 3933 annum
688 3883 838 3952 premunt,
848 3872 980 3931 laborem
995 3869 1078 3927 bunc
1092 3861 1211 3943 imponi

109 3981 185 4041 mihi
198 4002 308 4062 passus
328 4000 409 4055 sum,
438 3979 547 4058 partim
567 3974 775 4048 hortantibus,
803 3974 914 4053 partim
939 3957 1110 4048 susceptum
1133 3985 1212 4046 opus

113 4084 353 4163 approbantibus
379 4101 441 4141 non
463 4080 570 4161 paucis
589 4078 721 4138 cruditis.
764 4077 831 4135 Non
843 4075 984 4154 equidem
995 4090 1063 4131 sum
1080 4068 1213 4130 omnium

118 4184 353 4259 audacissimus,
389 4204 447 4243 nec
472 4182 535 4242 sine
563 4183 642 4242 omni
669 4178 884 4240 deliberatione
910 4185 940 4234 et
954 4173 1065 4233 virium
1079 4188 1216 4232 mearunt

110 4288 318 4349 autimationc
330 4296 450 4349 tontum
473 4304 550 4367 opus
575 4302 643 4344 snm
664 4300 820 4362 aggressus
844 4276 925 4360 (quo
944 4275 1018 4359 quid
1036 4284 1127 4355 queat
1149 4290 1215 4334 esse
