2768 4724
387 217 445 280 so
473 216 606 283 onir.
634 216 691 279 uu
718 214 993 300 prusenus.
1170 221 1235 289 rer

147 397 288 473 negatum
301 395 378 449 esset
390 408 473 449 ersus
485 406 603 465 gerere,
615 405 650 447 eo
663 386 775 447 tectum
789 396 867 463 esse,
880 395 916 449 ut
927 406 1067 447 numerus
1084 386 1138 465 iile
1152 408 1236 465 nune.

148 492 236 551 qusm
251 473 358 551 plenus
372 483 465 545 esset,
482 472 535 531 sed
554 481 590 531 ut
607 472 660 529 vix
679 472 857 551 septingenti
876 482 930 531 sut
947 472 1108 549 octingenti
1126 469 1231 551 emunt.

148 556 217 628 Quo
236 556 336 635 itnque
352 577 493 617 numerus
520 557 571 614 ille
591 554 670 613 MCC
692 576 808 635 semper
836 556 998 616 certissime
1017 556 1131 635 plenus¹
1144 564 1232 633 mest,

147 650 299 700 auctorem
315 660 348 701 se
361 641 419 701 fert
435 650 551 712 oretor,
563 649 599 697 ut
611 639 790 699 verbotenus
807 640 837 699 in
857 643 981 701 classem
1001 658 1149 717 qusmqus
1160 640 1233 701 bins

145 724 238 783 millis
261 726 393 803 crpitum
414 731 677 784 connumerentur:
699 724 812 785 nemsi
833 723 937 785 sb'bis
949 724 1008 783 ΜΜ
1025 722 1232 801 ᾶοὶιιοοριὼς

145 808 297 871 ducentur,
319 830 419 868 omues
447 808 512 880 illi,
541 807 649 885 quibus
678 825 783 867 ceusee
805 808 952 886 legitimae
968 808 1084 867 veniam
1109 806 1232 882 milities

145 891 233 964 dent,
254 902 352 951 tamen
370 902 452 952 certo
477 892 602 963 certius,
624 891 683 948 iliis
699 890 849 968 deductis,
869 892 1002 970 reliquos
1015 910 1134 951 monere
1151 878 1236 977 Mili}¹

144 986 196 1035 snt
206 977 309 1055 plures
323 977 421 1037 etism.
433 996 531 1037 uersu.
560 975 628 1045 Quo
639 974 822 1035 luculentius
839 986 931 1036 totms
944 977 1018 1053 legis
1032 973 1160 1036 embrtus
1174 992 1232 1053 ps-

143 1067 230 1131 teret,
246 1079 334 1137 quem
349 1060 419 1119 tulit
432 1055 651 1130 Demosthenes,
667 1056 765 1116 lubuit
779 1056 830 1117 bic
845 1060 1049 1139 primumcum
1059 1040 1231 1119 inversum

142 1143 252 1202 Latinis
265 1144 366 1202 verbis
380 1142 517 1219 exsequi,
537 1160 596 1218 quo
610 1150 734 1221 peracto
751 1142 789 1201 sd
810 1143 992 1222 singulorum
1008 1141 1231 1223 interpretatio-

141 1246 210 1305 nem
238 1228 431 1298 accedemus,
458 1224 552 1283 multo
576 1234 675 1285 temen
703 1225 739 1285 sd
762 1236 878 1306 portem
902 1227 992 1287 huius
1014 1224 1230 1307 Disputationis

142 1310 283 1382 elterem,
307 1329 366 1388 qus
387 1318 449 1368 tots
471 1309 697 1387 symmorisrum
709 1310 784 1370 rstio
800 1311 882 1390 epud
893 1310 1084 1371 Athenienses
1098 1311 1230 1390 explico·

141 1393 238 1466 bitur,
257 1392 388 1453 dilaturi.
417 1393 441 1451 1.
460 1394 608 1452 Nmnerus
627 1395 882 1471 symmoritnrum,
908 1396 977 1473 quis
992 1394 1153 1455 identidem
1170 1394 1230 1455 int-

141 1478 273 1535 minutus
293 1487 374 1551 eret,
395 1496 493 1555 neque
515 1476 589 1535 adeo
612 1476 674 1536 hoc
695 1488 830 1559 tempore
850 1479 957 1558 plenus
979 1480 1130 1553 exstsbst,
1144 1496 1231 1537 essu-

141 1560 249 1618 mendo
274 1560 347 1620 elios
372 1580 411 1620 ex
432 1560 583 1619 ditissimis
606 1562 715 1621 civium
739 1563 934 1640 redintegrsri
961 1562 1097 1623 debebat.
1140 1560 1230 1635 Quod

142 1645 262 1723 quidem
273 1642 332 1703 hnc
346 1645 459 1703 retione
472 1644 548 1703 bene
560 1646 725 1725 perfectum
742 1647 779 1705 iri
796 1646 1026 1706 existimandum
1046 1656 1091 1705 est
1099 1689 1109 1721 ,
1125 1646 1151 1703 si
1165 1649 1237 1725 800Ι

142 1727 223 1787 cives
241 1729 480 1807 symmoritsrum
499 1734 622 1789 nutriero
645 1729 859 1790 adscribentur.
881 1729 953 1789 Veri
978 1728 1055 1789 euim
1073 1729 1169 1789 simile
1183 1738 1230 1789 est

139 1811 223 1886 sore,
243 1812 269 1871 si
288 1833 327 1873 ex
346 1812 486 1871 universo
508 1813 748 1890 symmoritsrum
773 1834 896 1873 numero
930 1813 1013 1892 (qui,
1049 1813 1075 1873 si
1098 1818 1162 1881 800
1182 1810 1236 1877 ilii

141 1896 232 1954 additi
249 1906 345 1956 essent
360 1896 576 1973 antiquioribus
593 1900 681 1969 1200,
689 1899 742 1976 qui
757 1899 859 1957 edesse
872 1898 1056 1972 dicebantur,
1065 1917 1121 1957 nec
1129 1907 1229 1959 tsmsu

139 1981 272 2040 universi
285 1990 405 2059 praesto
419 1991 518 2052 erent,
536 1979 688 2040 efficerent
701 1980 761 2039 duo
772 1980 887 2055 mittini
897 1982 921 2039 si
932 1981 1023 2057 igitur
1036 2002 1074 2041 ex
1087 1974 1227 2043 universo

139 2064 191 2123 ilto
211 2085 335 2124 numero
354 2084 455 2125 omnes
473 2063 522 2122 isti
544 2064 653 2123 exemti
672 2065 797 2139 fuerint,
819 2058 927 2142 quibus
946 2065 1048 2140 'legum
1068 2065 1228 2127 suctcritss

140 2148 216 2207 illud
230 2148 410 2208 concesserit
423 2146 472 2207 vei
484 2159 611 2228 propter
627 2148 791 2222 orbitatem,
806 2149 856 2207 vei
869 2147 949 2226 quod
962 2147 1143 2207 coloniorum
1157 2157 1229 2209 sunt

138 2233 299 2313 participes
307 2277 315 2308 ,
330 2234 379 2293 vel
395 2231 476 2311 quod
489 2232 519 2290 in
534 2252 626 2291 unum
639 2234 755 2292 collutis
768 2233 855 2291 bouis
872 2240 1008 2305 utuntur,
1022 2242 1057 2291 ut
1070 2250 1232 2293 numerum.

82 2330 84 2335 '
141 2320 222 2381 1200
236 2320 474 2396 symmoriterum
491 2337 551 2375 non
571 2318 720 2377 excessuri
743 2317 810 2377 sint.
824 2338 855 2397 p.
875 2320 942 2383 182.
957 2336 986 2375 v-
1001 2321 1150 2382 12-18.
1168 2312 1227 2391 ffltt

137 2402 229 2478 igitur
251 2402 406 2461 universus
423 2406 505 2465 1200
527 2403 766 2479 symmoritsrum
793 2420 933 2461 numerus
964 2419 1001 2459 cx
1022 2399 1117 2459 veteri
1140 2418 1227 2457 more

138 2506 193 2563 per
215 2491 256 2548 20
279 2485 453 2562 symmcrius
477 2484 697 2543 distribuendus
720 2496 780 2558 est,
810 2504 935 2563 quorum
964 2503 1098 2563 quaeque
1126 2503 1165 2543 ex
1184 2485 1226 2548 60

138 2572 340 2647 λειτουργοῦσι
359 2568 399 2624 sit
414 2568 587 2645 composite.
610 2568 670 2626 Sed
686 2568 867 2643 singulorum
879 2569 1106 2646 symmorisrum
1117 2568 1226 2627 iterum

140 2652 271 2730 quinque
294 2650 402 2709 debent
422 2670 484 2708 esse
507 2660 625 2729 partes,
645 2671 682 2711 ex
703 2649 847 2710 duodenis
873 2652 945 2711 viris
967 2652 1010 2709 its
1032 2651 1225 2729 composino,

138 2744 173 2792 ut
189 2734 355 2813 quibusque
373 2733 524 2793 ditissimis
542 2755 646 2793 eorum
666 2734 849 2813 psuperrimi
863 2736 974 2814 quique
989 2734 1152 2808 sddsntttr,
1167 2753 1236 2813 qus·

138 2820 253 2879 ratione
280 2818 391 2896 ubique
415 2816 527 2879 iustum
545 2818 770 2897 proportionem
794 2829 928 2877 constare
961 2838 1081 2886 necesse
1105 2817 1170 2879 erit.
1193 2836 1236 2899 m,

140 2910 211 2971 182.
222 2922 251 2960 r.
270 2907 310 2966 18
319 2934 355 2945 -
366 2906 416 2966 23.
426 2900 465 2958 Et
478 2898 525 2959 bis
538 2901 658 2979 quidem
673 2903 912 2979 symmositsrum
924 2900 1031 2961 divisio
1048 2900 1225 2977 sbsolvitttt',

139 3008 215 3067 quse
233 3007 288 3045 cur
302 2987 344 3047 itu
358 2987 435 3045 sscts
448 2984 495 3061 sit,
509 2986 753 3063 exsequentibus
769 2985 890 3065 patebit.
903 2986 939 3045 11.
953 2985 1095 3063 Sequitur
1108 2984 1225 3061 modus,

139 3070 303 3131 secundum
316 3091 404 3149 quern
417 3069 552 3135 triremes
567 3070 716 3129 aedificari
730 3078 857 3148 oportet.
875 3069 991 3142 Cisseis,
1007 3089 1082 3147 quse
1095 3068 1227 3130 maxims

139 3180 155 3215 n
169 3155 349 3235 sysnmoritis
363 3152 499 3234 praeberi
518 3152 621 3229 debet,
636 3164 680 3213 est
694 3158 756 3219 300
771 3153 899 3212 nerium.
920 3154 1023 3231 Neque
1037 3164 1135 3213 temen
1148 3172 1226 3232 opus

139 3251 201 3313 est,
223 3249 258 3298 ut
274 3236 324 3297 hic
344 3239 502 3299 universus
525 3256 665 3299 numerus
687 3237 877 3310 exhibeatur,
900 3237 924 3295 si
951 3238 1047 3298 minor
1069 3237 1133 3298 eius
1152 3256 1225 3301 usus

139 3326 296 3385 adiuturus
319 3332 374 3383 est.
404 3321 500 3399 Igitur
520 3343 576 3401 pro
599 3323 682 3380 veris
702 3323 777 3402 reip.
801 3321 971 3381 conditione
992 3324 1042 3383 vel
1062 3310 1226 3389 meiervel

138 3409 235 3467 minor
249 3426 389 3466 numerus
401 3426 501 3465 esrum
515 3407 697 3480 instruetur,
718 3408 804 3484 isque
825 3408 863 3464 sit
882 3406 930 3465 vel
951 3405 1156 3478 centensrius,
1172 3404 1226 3465 sel

138 3489 309 3547 huiusmodi
323 3490 427 3548 clessis
445 3489 572 3568 duplum
585 3493 635 3550 vel
652 3490 784 3568 triplum.
795 3522 837 3535 -
850 3488 960 3551 Verum
975 3500 1005 3549 et
1017 3490 1074 3549 slis
1087 3490 1226 3549 inscitus-

137 3584 190 3633 tur
211 3572 412 3637 scotiarum
433 3574 555 3633 trevium
582 3573 703 3647 divisio,
732 3594 769 3631 ex
790 3593 847 3649 qus
871 3575 978 3651 cuique
997 3573 1226 3651 symmorisrum

137 3675 280 3717 numerus
301 3656 464 3714 triremium
491 3678 563 3725 sse
586 3656 1014 3716 aedificandorum-indicetur.
1055 3656 1227 3715 Secundum

137 3758 296 3801 numerum
323 3744 365 3803 20
402 3742 632 3817 symmorisrum
664 3741 735 3798 item
765 3744 808 3804 20
827 3753 927 3820 portes
945 3740 1104 3800 universes
1123 3740 1227 3803 clusis

139 3825 376 3896 constituuntur,
401 3842 501 3882 omnes
525 3826 589 3903 peri
609 3844 734 3883 numero
759 3826 798 3890 15
819 3827 939 3885 navium
964 3825 1158 3905 compositse:
1189 3824 1229 3884 Et

57 3923 65 3940 ·
141 3912 210 3988 quis
225 3928 360 3986 quaeque
374 3907 566 3985 symmorinfi
583 3909 764 3971 sectionibus
785 3907 955 3982 diviserit,
977 3928 1104 3987 querum
1126 3930 1165 3970 ex
1187 3912 1228 3972 12

139 3994 212 4051 viris
229 4000 365 4059 constent
380 3993 527 4069 singulae,
554 3992 596 4051 its
616 3993 704 4053 etism
720 3998 792 4063 illas
811 3993 931 4070 singuiis
947 3993 1112 4070 symmoriis
1129 3995 1230 4052 iniun-

141 4086 206 4135 ctne
220 4077 260 4139 15
274 4096 348 4135 nove
378 4077 481 4136 eedem
496 4077 609 4137 rstione
623 4077 815 4157 dividqntur,
821 4088 856 4137 ut
868 4077 939 4135 fient
953 4079 971 4141 5
984 4077 1231 4154 pertes,singuise

140 4179 233 4220 neves
250 4164 269 4222 5
285 4097 437 4257 bebhtes.
453 4161 545 4258 ‘llice
560 4171 702 4249 ¹autema
720 4186 822 4262 mes
848 4184 867 4221 s
877 4160 1047 4259 ‘quibusque
1060 4160 1233 4235 symmoris·

18 4314 22 4319 ,
140 4264 209 4304 rum
227 4244 406 4305 sectionibus
420 4244 586 4309 minoribus
598 4246 660 4309 boc
683 4280 811 4365 qum,
830 4247 942 4311 nnuc
958 4240 1141 4335 praebeudss
1157 4251 1236 4315 sunt,
